1696 2942
410 90 945 137 EIDYLLIUM
997 103 1063 131 vu

241 189 429 234 Artificis
458 191 594 231 tacitae
622 190 733 244 quod
767 202 955 230 meruere
984 200 1141 229 manus.

67 205 118 234 210

1286 94 1365 144 εστ

183 266 289 309 Nam
318 263 644 317 consanguineos
671 264 811 304 eadem
841 276 936 303 cum
965 261 1096 302 forma
1116 260 1283 317 figuret,

233 340 311 381 Hic
341 340 511 393 propior
536 339 655 378 matri
685 337 733 379 fit
760 348 920 386 tamen,
958 338 1028 378 ille
1055 338 1175 392 patri.

179 413 403 456 Diffimiles
435 415 594 454 animos
623 414 785 455 solertia
817 421 1019 467 temperat
1049 414 1175 455 artis:

236 491 357 532 Alter
383 490 426 530 in
458 491 625 531 alterius
659 490 841 530 redditur
862 503 935 529 ore
953 502 1114 543 parens.

68 578 110 618 25
178 566 231 608 Et
253 581 361 608 nova
384 568 590 623 germanis
608 567 770 622 paribus
795 566 1025 606 discrimina
1046 566 1252 622 praebens,

235 641 382 684 Divifit
414 643 553 683 vultus
585 655 677 683 cum
707 642 861 696 pietate
882 641 1007 681 faber.

183 716 221 757 Ο
243 718 347 758 bene
376 727 534 758 naturae
566 728 792 761 memores,
823 715 1069 755 documenta
1099 714 1282 769 supernae

238 792 434 840 Justitiae‚
474 792 676 846 juvenum
706 790 894 836 numina,
942 797 1038 829 vota
1070 788 1232 829 senum:

182 866 265 916 Qui
298 866 442 923 spretis
474 865 619 920 opibus
650 864 807 904 medios
837 862 1081 917 properastis
1111 863 1154 903 in
1180 863 1301 917 ignes

71 953 115 988 30

242 942 312 983 Nil
332 948 484 996 praeter
524 938 698 981 sanctam
732 939 879 980 tollere
909 940 1115 980 canitiem.

182 1015 309 1056 Haud
329 1013 518 1068 equidem
552 1013 771 1054 immerito'-
794 1020 906 1053 tanta
934 1014 1089 1054 virtute
1117 1011 1312 1069 repressas

238 1089 437 1130 Enceladi
461 1088 599 1129 fauces
630 1088 850 1143 obriguisse
881 1101 988 1129 reor.

182 1165 271 1220 Ipse
300 1166 599 1206 redundantem
629 1163 807 1206 frenavit
823 1164 1027 1205 Mulciber
1056 1163 1248 1212 Aetnam,

235 1239 426 1281 Laederet
453 1239 635 1293 exempli
663 1253 715 1279 ne
745 1245 1013 1279 monumenta
1044 1239 1117 1292 pii.

69 1325 110 1364 35
185 1311 408 1354 Senserunt
438 1314 642 1354 elementa
662 1311 803 1353 fidem.
860 1312 978 1353 Pater
998 1311 1116 1352 affuit
1145 1310 1290 1358 aether,

239 1388 450 1446 Terraque
481 1396 714 1430 maternum
752 1387 889 1430 sedula
911 1388 1023 1444 juvit
1057 1399 1178 1429 onus-

94 1607 133 1640 23
159 1608 265 1632 annos
283 1603 374 1644 vulg.
408 1599 540 1634 animos
567 1601 662 1635 etiam
683 1601 752 1644 Bgzfi
770 1610 873 1643 marg.
897 1600 998 1633 MSS.

89 1671 136 1702 ⁷27
160 1659 311 1706 superbae
337 1664 429 1697 Vien.
447 1675 550 1707 marg.

1334 1462 1456 1512 Quod

1090 1605 1129 1637 ἐς
1152 1608 1307 1641 quaerens
1335 1600 1437 1633 MSS.

640 1668 680 1701 28
704 1662 838 1695 lumina
864 1662 944 1703 conj.
975 1661 1087 1704 Heius.
1109 1662 1217 1704 qnific
1236 1662 1324 1694 dedit
1348 1663 1394 1695 ecl.
1416 1673 1438 1695 1.

98 1726 160 1760 sed
179 1726 253 1759 bene
263 1725 314 1767 est,
337 1727 420 1770 quod
438 1727 571 1759 numina
590 1726 714 1759 reduc'la
727 1727 807 1768 sum
829 1725 876 1757 ecl.
897 1734 926 1758 2.
951 1733 1033 1758 nota
1051 1725 1144 1756 Vien.
1156 1725 1215 1767 sed
1238 1733 1316 1758 vota
1335 1737 1437 1770 marg.

373 1793 417 1830 29
443 1783 560 1819 medio
582 1784 714 1830 inigne
734 1785 810 1824 MS,
840 1784 922 1828 quod
937 1783 1049 1829 probat
1069 1783 1182 1819 Barth.

81 1950 86 1953 -
123 1939 167 1965 20
191 1933 312 1964 Manus
327 1933 472 1976 artificis,
495 1931 577 1965 licet
596 1931 660 1965 hoc
672 1941 742 1964 non

78 1975 116 2009 fit
136 1974 365 2020 adscriptum,
406 1979 511 2011 tacitae
537 1986 650 2009 tamen
677 1988 741 2009 me-

77 2030 211 2054 ruerunt
225 2049 234 2062 ,
269 2033 310 2054 ne
331 2022 394 2056 hoc
408 2050 417 2062 ‚
442 2021 536 2065 quod
555 2020 667 2054 statim
688 2021 743 2054 di-

78 2077 152 2099 cam
169 2093 178 2107 ,
231 2068 328 2099 oculis
362 2069 545 2111 praeteriens
582 2068 742 2110 relinquas

79 2122 149 2146 non
170 2110 428 2145 consideratum.
528 2142 531 2143 γ

127 2165 159 2190 21
189 2159 462 2201 Confhnguineos,
506 2156 654 2200 ὁμαέμυς
677 2154 741 2190 esse

79 2200 202 2235 fratres
217 2229 225 2242 ‚
259 2202 314 2235 vel
333 2202 391 2235 ille
411 2206 497 2236 Aen.
510 2202 616 2244 6‚278
660 2205 742 2235 Con-

74 2249 274 2292 fiznguineus
296 2249 352 2281 leti
368 2250 461 2292 fhpor
482 2256 544 2282 nos
562 2247 745 2281 admonere

82 2295 201 2338 potest.

130 2347 164 2379 23
189 2337 362 2379 Diffimiles
379 2350 477 2372 annos
494 2338 598 2371 etiam
620 2337 745 2382 proba-

86 2381 153 2416 bile
175 2381 230 2416 est.
277 2383 410 2416 Similes
438 2382 578 2427 poss'unt
607 2382 683 2423 esse,
707 2383 744 2417 ἃ

85 2436 196 2460 tamen
217 2428 322 2463 altera
348 2427 462 2464 senilis
482 2428 586 2463 facies
599 2456 609 2470 ,
641 2428 747 2464 altera

88 2472 263 2516 juvenilis.

131 2516 172 2551 26
215 2519 314 2551 Faber
356 2519 519 2564 pietatem
558 2517 750 2561 unicuique

87 2559 231 2595 fratrum
255 2561 370 2603 suam,
405 2564 430 2598 i.
449 2562 580 2607 gestum
609 2563 750 2606 pietatis

88 2605 275 2640 exserendae
288 2633 299 2647 ,
320 2607 375 2641 sed
394 2609 533 2642 vultum
553 2608 656 2641 etiam
676 2607 754 2641 cui-

93 2661 160 2698 que
181 2650 280 2687 suum
299 2651 438 2696 tribuit,
459 2653 523 2689 hoe
547 2652 593 2687 est
611 2654 730 2697 divifit.

844 1936 884 1969 28
926 1931 1096 1974 Juvenum
1133 1931 1267 1963 numina
1304 1929 1381 1964 sunt
1408 1932 1460 1966 Pii

798 1974 939 2014 fratres,
961 1985 1128 2018 quatenus
1149 1975 1277 2010 imitari
1300 1976 1378 2009 illos
1402 1978 1462 2010 de·

799 2020 881 2055 bem
909 2022 1060 2063 juvenes.
1105 2021 1270 2064 Optimus
1307 2023 1461 2056 numinis

800 2066 912 2099 cultus
947 2063 993 2098 est
1021 2065 1114 2098 illius
1147 2065 1305 2100 imitatio,
1351 2067 1461 2102 Iidem

797 2110 874 2144 sunt
894 2120 966 2144 vora
979 2112 1103 2153 senum.
1151 2111 1239 2155 Qis
1251 2111 1341 2144 enim
1364 2112 1461 2146 senex

798 2167 868 2189 non
889 2168 909 2189 o
938 2164 985 2188 tet
1014 2156 1097 2188 tales
1116 2154 1201 2198 effe,
1219 2157 1303 2191 tales
1324 2157 1355 2192 se
1375 2169 1463 2205 prae-

801 2202 886 2234 stare
909 2168 984 2234 {pisos
1010 2200 1112 2235 filios.

848 2256 888 2288 32
916 2248 1092 2280 Enceladus
1118 2246 1230 2280 Aetna
1250 2247 1374 2290 injasto
1387 2259 1465 2292 gra-

800 2302 915 2333 vatus,
934 2302 1011 2325 cum
1027 2293 1177 2336 graviter
1199 2292 1345 2333 anhelat,
1366 2294 1463 2337 ignes

799 2337 905 2379 ejicit.
953 2337 1069 2378 Hujus
1110 2335 1210 2371 furor
1255 2337 1463 2381 obstupescit

801 2381 843 2416 ad
864 2380 1078 2425 conspefium
1098 2391 1200 2414 tantae
1217 2382 1355 2426 pietatis
1374 2384 1441 2417 διε.

849 2437 886 2470 35
911 2429 1073 2461 Elementa
1087 2454 1095 2467 ,
1119 2438 1264 2471 corpora
1281 2428 1465 2470 naturalia,

801 2472 895 2507 sensu
925 2471 1005 2505 fidei
1036 2471 1188 2505 filiorum
1210 2472 1246 2507 &
1269 2472 1405 2516 pietatis
1427 2474 1465 2507 in

804 2527 962 2563 parentes
990 2518 1078 2550 tatia
1108 2516 1196 2549 sunt.
1252 2519 1371 2562 ltaque
1395 2521 1464 2559 aer,

804 2572 940 2602 ventus,
967 2564 1063 2595 Pater
1083 2563 1179 2595 aether
1196 2562 1304 2602 adfuit
1323 2572 1467 2608 pprtan-

805 2609 831 2642 ti
853 2616 1005 2652 patre1n;
1028 2616 1136 2642 matre
1154 2616 1334 2644 oneratum
1364 2611 1463 2647 Terra

805 2662 915 2689 mater
934 2650 1081 2696 adjuvit.
