1696 2942
455 120 991 164 EIDYLLIUM
1048 134 1066 160 ι

221 216 385 262 vit-'turi
413 217 573 258 cineres
609 219 723 259 nullo
757 227 935 274 cogente
969 220 1129 261 moveri

220 294 452 347 Incipiunt,
490 295 711 349 plumaque
747 297 889 336 rudem
919 295 1066 337 vestire
1085 295 1279 338 favillam.

221 369 305 418 Qui
326 368 459 409 fuerat
479 369 664 423 genitor,
692 377 812 411 natus
840 384 949 412 nunc
973 370 1130 426 profilit
1156 372 1280 420 idem,

108 454 161 495 70
217 440 489 497 Succeditque
519 457 665 485 novus

733 443 921 485 Geminae
951 444 1128 486 confinia
1159 447 1257 487 vitae

221 513 386 568 Exiguo
409 516 568 555 medius
599 514 830 556 discrimine
852 517 1006 571 separat
1035 519 1159 571 ignis.

277 587 472 629 Protinus
496 590 546 629 ad
581 590 723 632 Nilum
751 591 893 633 Manes
925 591 1076 631 sacrare
1104 598 1311 646 paternos,

219 660 528 718 Aufftoremque
556 664 728 718 globum
765 664 922 704 Phariae
951 665 1113 705 telluris
1147 666 1196 705 ad
1225 680 1319 707 oras

219 736 347 778 Ferre
374 738 504 792 Juvat.
535 739 657 779 velox
684 739 865 778 alienum
896 739 1028 778 tendit
1048 740 1092 778 in
1111 740 1269 788 orbem,

105 822 152 865 73
215 810 388 852 Portans
424 814 636 867 gramineo
674 812 851 853 clausum
879 812 1082 852 velamine
1113 812 1255 854 funus.

216 883 452 926 Innumerae
478 885 736 926 >comitantur
764 898 887 932 aves,
915 884 1145 940 stipantque
1175 886 1386 930 volantem

216 958 409 1000 Alituum
429 958 610 1013 suspensa
639 958 801 999 cohors.
832 960 1042 1000 exercitus
1073 960 1223 1014 ingens

218 1033 405 1074 Obnubit
435 1034 550 1073 vario
582 1032 665 1073 late
697 1045 885 1073 convexa
916 1040 1068 1075 meatu.

219 1108 309 1151 Nee
337 1108 546 1164 quisquam
570 1109 697 1150 tantis
717 1122 742 1149 e
769 1108 954 1150 millibus
979 1109 1127 1150 obvius
1147 1109 1269 1150 audet

126 1304 169 1340 74
192 1295 306 1341 pergit
324 1298 365 1329 al.
388 1295 501 1329 tendit
520 1296 613 1330 etiam
628 1296 721 1331 Vien.
740 1307 842 1340 marg.

215 1355 297 1399 conj.
317 1355 432 1400 Heius.
464 1353 616 1389 clausum
639 1356 733 1389 etiam
760 1356 844 1389 Vien
873 1367 977 1400 marg.

1422 1185 1490 1227 Ire

932 1304 972 1338 75
996 1295 1128 1330 clarum
1140 1297 1210 1340 BaJZ
1221 1308 1322 1341 marg.
1346 1308 1465 1334 carum

1066 1354 1110 1397 76
1136 1355 1376 1400 glomerantur

592 1418 668 1451 MS.
693 1414 866 1462 stipatque
885 1418 977 1462 vulg.

153 1553 200 1587 66
222 1555 401 1599 Qantum
421 1551 463 1586 ad
478 1563 549 1586 rem
563 1551 668 1597 ipsam
690 1562 772 1586 ean-

105 1598 184 1632 dem
211 1598 266 1631 hic
296 1599 366 1632 vim
396 1596 524 1632 habent
543 1598 703 1631 recidivus
733 1597 768 1631 &

106 1646 282 1678 redivivus.
329 1646 492 1676 Praeterea
519 1643 555 1676 in
585 1642 683 1676 libris
711 1653 770 1676 an-

105 1690 213 1733 tiquis
257 1698 425 1734 perpetuo
470 1687 537 1721 fere
558 1690 770 1732 ⁴utrumque

106 1746 233 1769 nomen
278 1733 465 1778 permutari
506 1734 646 1774 videas,
697 1744 770 1766 non

101 1788 242 1813 tantum
262 1789 300 1812 ut
324 1781 501 1812 recidivum
523 1778 680 1817 dicatur,
710 1778 767 1812 cui

104 1836 124 1859 a
143 1835 252 1859 morte
265 1825 334 1858 vita
356 1825 474 1866 rediit,
497 1824 550 1857 sed
562 1833 601 1857 ut
620 1826 769 1858 rediviva

105 1871 269 1904 dicantur
288 1869 421 1914 lapides
441 1871 476 1904 δε
496 1870 620 1903 rudera
631 1868 769 1902 aedificii

106 1916 244 1959 antiqui
275 1916 317 1949 ad
338 1926 468 1949 novum
498 1913 666 1950 adhibita.
687 1914 768 1948 Vid.

106 1960 310 1995 Thesaurus.
401 1959 550 1993 Amabat
594 1959 767 2000 Heinsius,

105 2006 201 2051 quod
219 2005 303 2050 saepe
323 2005 358 2038 in
389 2006 488 2039 libris
510 2006 650 2050 optimis
673 2006 771 2038 inve-

104 2061 203 2084 nerat
217 2078 226 2091 ‚
248 2052 445 2092 recidivum,
479 2050 514 2084 ἃ.
535 2051 578 2084 ad
597 2050 689 2084 hunc
716 2051 768 2084 10-

104 2107 184 2130 cum
204 2095 349 2130 studiose
374 2108 410 2130 ac
441 2106 567 2140 magno
595 2096 770 2139 exemplo-

104 2152 183 2175 rum
221 2152 364 2175 numero
404 2151 533 2175 tuetur.
579 2143 628 2175 Eo
655 2141 766 2185 magis

104 2186 194 2221 illud
243 2187 471 2231 reliquimus,
546 2197 625 2220 cum
681 2187 767 2220 alias

104 2231 263 2278 sanguini
296 2233 407 2277 magis
444 2232 588 2266 redivivi
624 2241 765 2277 etymon

103 2278 289 2312 conveniat
310 2279 376 2313 &o

147 2323 195 2362 ,68
218 2325 342 2368 Rudem
365 2324 523 2366 favillam
551 2323 702 2367 cogitare
722 2322 765 2356 li-

104 2378 156 2402 cet
175 2378 216 2401 ut
242 2379 424 2412 argentum
442 2369 498 2402 vel
521 2379 646 2402 aurum
662 2367 762 2410 rude,

102 2413 335 2449 illaboratum.

149 2469 188 2501 72
212 2462 326 2493 Manes
359 2459 416 2493 hic
448 2470 510 2504 pro
533 2458 690 2503 reliquiis
709 2470 765 2493 ca-

105 2503 240 2538 daveris
265 2506 378 2549 ponit,
407 2515 445 2538 ut
465 2514 516 2548 39,
539 2514 585 2546 13·

122 2546 131 2556 s
149 2558 187 2591 73
215 2551 325 2596 Qem
355 2552 520 2584 Aufforem
546 2550 675 2594 globum
705 2561 765 2594 ap-

103 2594 231 2672 pellet,
265 2594 447 2629 obscurum
475 2593 540 2629 effe
560 2606 629 2629 non
656 2594 765 2640 potest

132 2639 173 2679 is,
197 2639 256 2684 qui
281 2640 513 2675 Herodoteam
534 2641 766 2674 narrationem

106 2685 310 2730 cognoverit
325 2713 336 2729 ,
359 2685 624 2732 quamseilicet,
648 2695 686 2721 ut
705 2696 767 2720 no-

824 1560 893 1585 tam
921 1550 1085 1586 omnibus
1113 1551 1213 1596 ponit
1254 1552 1380 1593 Po'e‘ta,
1421 1564 1491 1589 non

825 1597 985 1642 explicat.
1033 1598 1156 1630 Novus
1190 1596 1333 1630 Phoenix
1365 1597 1492 1633 format

824 1655 860 1676 ex
897 1643 1026 1684 myrrha
1061 1654 1176 1683 ovum,
1209 1644 1363 1686 (globum
1401 1644 1491 1678 reete

824 1686 936 1721 noster
957 1687 1130 1732 appellat)
1174 1688 1228 1720 cui
1259 1687 1401 1722 ferendo
1429 1701 1491 1733 par

825 1732 881 1766 sit:
926 1733 978 1766 illi
1005 1743 1167 1766 excavato
1196 1732 1286 1766 indit
1323 1734 1490 1778 reliqui-as

824 1788 1002 1822 paternas,
1038 1789 1164 1821 easque
1196 1777 1306 1811 defert
1336 1779 1372 1812 in
1402 1789 1487 1813 tem-

824 1823 920 1868 plum
941 1823 1240 1867 Heliopolitarum]
1265 1824 1332 1857 &c.
1375 1825 1492 1858 Brevi·

825 1878 876 1901 ter
904 1869 996 1902 Mela
1022 1878 1051 1910 3,
1075 1874 1094 1906 8
1117 1878 1201 1901 extr.
1257 1870 1329 1912 Offu
1357 1871 1490 1914 pristini

823 1916 962 1957 corporis
989 1915 1110 1956 inclusit
1145 1914 1275 1955 myrrha
1309 1917 1490 1960 Aegyptum

823 1968 978 2002 exportat.

867 2013 907 2046 ῖς
932 2005 1105 2039 Gran-tineo
1123 2005 1282 2038 velamine
1312 2004 1422 2049 ipsimi
1448 2006 1491 2039 ilo

822 2049 894 2082 lum
924 2048 1090 2093 globum,
1123 2049 1144 2083 s.
1176 2061 1285 2083 ovum
1310 2050 1489 2086 involvere

823 2094 923 2128 illum
943 2093 1027 2127 facit
1044 2097 1157 2138 poeta,
1180 2096 1214 2128 <Sc
1236 2094 1306 2139 ipsa
1329 2096 1389 2129 illa
1411 2107 1489 2140 gra-

824 2140 916 2173 mina
960 2140 1054 2173 arida
1097 2149 1200 2184 atque
1241 2139 1348 2174 odora
1397 2141 1487 2176 forte

822 2185 938 2229 ignem
959 2183 1085 2218 debent
1112 2186 1294 2229 concipere
1325 2185 1360 2220 ἃ
1388 2187 1489 2223 alere.

823 2232 991 2272 Myrrham
1011 2241 1081 2264 non
1100 2231 1254 2271 excludi,
1273 2231 1374 2265 docet
1387 2244 1416 2265 v.
1431 2242 1485 2277 95.

867 2286 906 2318 77
931 2278 1095 2320 Snspenfh,
1119 2285 1158 2309 ut
1175 2278 1311 2320 pendere
1331 2278 1489 2311 volatum

822 2321 1001 2366 significat.
1056 2320 1218 2365 Suspensa
1246 2323 1336 2354 enim
1359 2323 1483 2355 dicun-

822 2376 899 2407 tur,
923 2378 998 2410 quae
1017 2365 1219 2400 facilimotu
1240 2366 1307 2400 huc
1327 2368 1492 2400 illucim-

822 2412 904 2458 pelli
934 2410 1092 2456 poss'unt:
1131 2421 1170 2445 ut
1189 2413 1250 2445 Sil.
1274 2422 1319 2453 ιε,
1346 2423 1387 2455 94
1414 2415 1491 2456 Sus-

822 2460 955 2502 pensum
981 2458 1034 2491 bic
1053 2457 1175 2491 librans
1194 2459 1299 2491 medin
1320 2458 1406 2491 inter
1426 2470 1490 2492 'nu-

823 2505 886 2536 bila
914 2514 1034 2546 corpus.

868 2554 910 2591 78
935 2549 1099 2589 Obnubit,

825 2593 930 2628 verbo
951 2594 1084 2632 utitur,
1101 2593 1142 2625 V.
1154 2593 1197 2625 G.
1208 2602 1257 2633 21,
1271 2599 1331 2632 258
1370 2594 1489 2636 jaculis·

824 2640 981 2674 obtexitur
999 2643 1061 2671 (πᾶν.
1109 2640 1254 2671 Convexa
1279 2638 1400 2672 caelum
1423 2638 1488 2674 effe

826 2683 954 2725 nostro,
975 2683 1054 2728 plus
1073 2682 1173 2718 semel
1191 2680 1419 2721 observatum.

1144 2555 1183 2579 ut
1211 2546 1295 2580 alias
1325 2548 1490 2582 obtexenelt‘
