1696 2942
275 106 358 150 DE
417 105 645 150 RAPTU
701 102 1008 146 PROSERP.
1036 102 1159 144 LIB.
1189 101 1233 145 11

1337 113 1403 155 557

213 204 378 248 Ditibus
411 201 564 258 Assyrii
592 202 742 257 spumis
776 201 969 243 fucantur
997 199 1124 240 aeni?

213 278 310 324 Non
340 276 443 317 tales
474 276 643 326 volucer
672 277 812 329 pandit
847 275 1053 323 Junonius
1087 272 1183 313 alas.

215 351 305 393 Nee
334 348 386 389 fic
417 351 657 390 innumeros
689 339 784 389 arcu
817 356 1001 389 mutante
1027 347 1202 388 colores>

214 424 426 478 Incipiens
449 421 843 469 redimitur'hiems‚
873 435 967 461 cum
987 419 1149 461 tramite
1175 418 1289 460 flexo

104 510 172 538 100
210 496 365 539 Semita
397 497 579 538 discretis
613 497 830 539 interviret
869 495 1035 536 humida
1070 494 1233 535 nimbis.

271 573 421 615 Forma
442 573 525 614 loci
554 572 714 626 superat
743 571 893 611 flores:
924 577 1090 610 curvata
1117 576 1278 610 tumore

212 648 343 689 Parvo
389 649 606 703 planities,
638 646 682 688 &
725 646 920 686 mollibus
949 645 1059 685 edita
1089 645 1208 685 clivis

214 721 409 762 Creverat
440 724 485 762 in
509 721 673 762 collem.

730 719 828 759 vivo
850 719 900 758 de
921 719 1084 772 pumice
1112 717 1250 758 fontes

214 796 386 837 Roscida
427 795 648 836 mobilibus
686 793 917 833 lambebant
944 793 1126 847 gramina
1147 792 1262 832 rivis.

213 867 403 922 Silvaque
433 873 638 907 torrentes
670 877 878 905 ramorum
916 863 1071 918 frigore
1103 863 1208 904 soles

215 944 461 999 Temperat,
491 942 533 984 δι
565 942 701 983 medio
723 942 910 982 brumam
943 939 1014 982 fibi
1045 940 1230 981 vindicat
1257 937 1370 980 aestu.

127 1125 174 1171 96
201 1114 373 1157 fuscantur
392 1124 482 1166 vulg.
505 1120 670 1155 fucantur
695 1122 766 1155 Vic.
785 1120 934 1164 ParrhasI
959 1121 1052 1155 Vien.
1072 1121 1186 1164 Heivfi

172 1180 238 1216 cris
279 1177 432 1222 Junonia
475 1187 604 1221 pennas
644 1186 732 1210 ante·
763 1179 886 1210 elaver.

284 1243 347 1270 102
375 1243 485 1278 prono
514 1234 589 1267 MS.

1372 1012 1483 1067 Apta

1302 1128 1343 1164 97
1368 1119 1466 1154 volu-

1020 1186 1065 1221 99
1091 1175 1182 1220 piAElo
1224 1178 1294 1220 Bas.
1315 1188 1418 1221 marg.

705 1242 763 1274 103
791 1232 891 1265 niveo
911 1231 952 1264 dc
974 1243 1069 1276 pum.
1088 1234 1200 1276 prime
1217 1235 1308 1268 editt.

368 1288 431 1323 106
456 1288 592 1322 modico
611 1290 701 1333 vulg.
727 1289 787 1323 Sed
808 1287 922 1320 medio
937 1287 1005 1329 jam
1024 1290 1092 1331 Bas
1113 1300 1217 1334 marg.

149 1414 196 1459 96
223 1415 384 1456 Affyrz‘um
397 1425 459 1459 pro
480 1414 579 1459 Syrio
597 1413 709 1447 dicere
719 1412 773 1445 so-

103 1461 177 1494 lent
198 1463 326 1504 po'e'tae:
369 1461 475 1504 Syriae
497 1469 610 1492 autem
635 1458 772 1500 adjudi-

105 1516 181 1540 care
194 1505 378 1538 Phoenicen
390 1515 428 1537 ac
441 1506 586 1548 Tyrum.
631 1503 686 1536 Est
706 1504 770 1536 ita-

106 1562 174 1595 que
197 1550 302 1583 sermo
321 1549 378 1582 hic
401 1549 442 1582 de
470 1558 627 1593 purpura
648 1548 767 1592 Tyria.

108 1594 263 1629 Verbum
279 1596 393 1636 fzzcure
413 1605 452 1628 co
473 1594 581 1638 magis
602 1593 668 1626 huc
692 1603 774 1628 con-

106 1641 225 1679 venit,
260 1639 353 1684 quod
383 1641 460 1682 fuco
487 1637 673 1683 parabatur
698 1639 773 1671 lana

108 1686 152 1719 ad
182 1684 425 1729 accipiendum
452 1682 640 1728 pretiosum
678 1683 772 1716 colo-

108 1742 180 1765 rem
203 1740 374 1775 purpurae.
421 1729 508 1762 Dixi
532 1729 592 1761 hac
611 1728 652 1762 de
675 1739 710 1761 re
729 1727 771 1760 ad

110 1786 142 1819 3,
170 1785 243 1817 207.
313 1773 418 1808 Usum
446 1773 542 1808 verbi
586 1773 641 1807 hic
691 1773 772 1806 illu·

110 1820 190 1855 strat
220 1819 395 1854 Heinsius.

154 1876 199 1911 99
240 1867 388 1899 Hiemem
424 1863 457 1898 h.
478 1874 506 1898 e.
537 1862 772 1908 tempestatem

113 1910 330 1956 pluviosam,
375 1910 556 1955 personam
588 1908 690 1950 facit,
716 1920 774 1941 co-

112 1966 268 1990 ronatam
291 1966 371 1988 arcu
390 1954 509 1988 caelesti
529 1954 550 1988 s.
572 1954 672 1994 iride,
696 1964 772 1997 quae

112 2001 203 2046 apud
233 2012 295 2034 nos
325 2000 540 2044 frequentius
568 1999 661 2043 sequi
680 1998 773 2039 solet,

115 2047 176 2080 nifi
198 2045 317 2087 fallor,
343 2057 447 2089 quam
468 2045 675 2078 denunciare
697 2043 776 2087 plu-

111 2092 218 2125 viam.
264 2092 329 2124 Sed
357 2091 398 2124 fic
418 2091 521 2123 etiam
541 2090 639 2134 Virg.
660 2091 724 2123 Ge.
750 2100 775 2129 r,

113 2143 193 2180 380,
227 2136 269 2168 ad
289 2147 391 2179 quem
410 2136 524 2169 locum
544 2134 700 2168 alludens
719 2134 777 2167 Se-

112 2193 195 2215 necJ
225 2182 275 2227 Q
296 2183 341 2215 N.
370 2192 395 2221 1,
417 2180 438 2214 6
486 2184 528 2215 Et
555 2181 634 2214 bibit
662 2181 776 2224 ingens

113 2230 240 2267 Arcus,
265 2236 301 2260 ut
319 2228 366 2260 ait
392 2228 552 2270 Virgilius
574 2226 685 2267 noster,
705 2236 774 2258 cum

111 2275 270 2307 adventat
295 2273 402 2306 imber.
448 2274 534 2306 Vere
563 2272 652 2305 Plin.
671 2280 702 2312 2,
733 2281 774 2314 59

115 2320 170 2352 Ne
188 2319 315 2360 pluvios
333 2319 458 2361 quidem
490 2326 546 2350 aut
557 2320 686 2361 serenos
710 2317 776 2349 dies

114 2374 185 2398 cnm
211 2363 274 2403 fide
294 2363 500 2406 portendunt.

164 2418 230 2441 100
266 2408 369 2453 Qod
400 2409 550 2442 Semitam
580 2414 699 2446 vocat,
731 2404 776 2438 est

114 2463 155 2486 ex
184 2453 319 2486 Poetica
343 2452 401 2486 illa
420 2451 680 2496 prosopopoeia,
712 2450 775 2483 ubi

112 2498 217 2530 Iridis
237 2497 366 2531 caelitus
389 2496 492 2531 miffae
511 2497 601 2529 viam
614 2495 777 2536 arcuillo,

116 2543 171 2575 vel
195 2541 395 2586 fragmentis
415 2553 513 2576 arcus
543 2541 689 2586 signari,
712 2539 777 2573 fin-

118 2597 227 2630 gunt,
251 2597 290 2620 ut
309 2588 412 2630 36‚3;
455 2598 494 2621 ut
516 2587 614 2631 Virg.
636 2587 722 2619 Aen.
743 2595 774 2626 5,

117 2631 188 2676 609
233 2635 294 2666 Illa
328 2635 415 2666 viam
442 2635 578 2666 celerans
603 2643 659 2676 per
687 2633 776 2666 mille

115 2678 267 2711 coloribus
297 2690 414 2713 arcum.
467 2677 617 2713 observo
644 2675 687 2712 ab
715 2687 773 2711 an-

826 1412 934 1456 tiquis
961 1412 1031 1445 Irin
1057 1411 1186 1458 semper
1215 1414 1390 1458 personam
1412 1414 1489 1458 esse,

826 1468 888 1490 nec
927 1458 1088 1491 Senecam
1122 1470 1183 1493 nec
1225 1460 1373 1493 Plinium
1404 1473 1486 1495 cum

828 1506 1063 1544 φυσιολογὲσιυ
1092 1503 1158 1537 alio
1186 1516 1289 1548 quam
1317 1519 1407 1539 arcus
1428 1518 1490 1540 no-

830 1547 921 1580 mine
942 1547 1006 1580 uti.
1052 1549 1225 1591 Ap'ulejus
1247 1549 1334 1583 forte
1354 1552 1488 1595 primus

828 1590 894 1633 est,
934 1593 993 1636 qui
1024 1592 1235 1638 Philosophis
1271 1594 1337 1629 hoc
1364 1607 1490 1630 nomen

831 1637 1097 1670 commendavit.

878 1692 933 1724 103
972 1685 1104 1716 Vivum
1122 1685 1278 1727 pumicem
1305 1685 1398 1730 quod
1429 1698 1490 1720 vo-

828 1737 881 1761 cat
895 1754 902 1767 ,
927 1727 1078 1761 indicare
1098 1728 1257 1770 videtur,
1279 1729 1309 1763 sc
1330 1742 1398 1764 non
1411 1743 1491 1776 pro-

828 1773 902 1817 prie
924 1771 1053 1806 dietum
1069 1801 1077 1814 ,
1111 1773 1165 1807 sed
1188 1774 1327 1808 similem
1355 1777 1488 1821 pumici

829 1818 921 1862 poris
941 1829 978 1852 ac
1005 1817 1125 1851 fistulis
1155 1819 1299 1863 tophum
1320 1821 1493 1864 §menige-

828 1874 883 1895 ret
913 1862 972 1896 nisi
992 1872 1104 1896 tamen
1123 1864 1250 1897 Siciliae
1271 1866 1360 1898 illud
1382 1859 1490 1901 solum

830 1907 916 1941 hanc
945 1906 1080 1941 subiisse
1111 1909 1221 1942 vicem
1251 1909 1426 1952 dicamus,
1450 1923 1490 1947 ut

829 1964 904 1997 quae
943 1952 1016 1986 saxa
1055 1954 1208 1998 primum
1243 1955 1279 1988 in
1317 1958 1491 2000 pumicem

831 1997 903 2031 usta
943 1996 1101 2040 fuissent,
1156 2011 1193 2033 ea
1235 2000 1362 2034 deinde
1401 2014 1491 2047 aqua

829 2042 966 2077 subiret.
1035 2043 1179 2078 Pulchre
1217 2047 1336 2090 jungit
1383 2048 1489 2082 Ovid.

831 2087 915 2122 Fast.
938 2098 1032 2130 2‚315
1080 2093 1186 2124 Antra
1213 2092 1296 2133 subit
1314 2094 1418 2136 tophis
1445 2096 1492 2127 la-

830 2143 1001 2178 queataque
1029 2137 1155 2178 pumice
1175 2138 1271 2177 vivo,
1305 2137 1339 2171 ἃ
1366 2139 1401 2171 in
1421 2138 1492 2183 spc-

830 2179 941 2213 luncae
985 2179 1212 2224 descriptione
1253 2184 1334 2215 Met.
1365 2194 1393 2225 3,
1433 2194 1491 2227 159

833 2227 964 2258 Natura
984 2247 997 2253 -
1031 2227 1153 2269 pumice
1182 2229 1257 2261 vivo
1295 2230 1338 2261 Et
1369 2231 1492 2263 lez-ihus

831 2271 935 2314 tophis
957 2272 1105 2304 nativum
1123 2273 1254 2305 duxerat
1282 2285 1398 2307 arcum.

877 2313 940 2349 106
967 2317 1116 2349 Brumam
1135 2317 1247 2350 dicere
1270 2329 1332 2362 pro
1360 2318 1490 2362 &iecore

832 2359 971 2394 modico
990 2360 1117 2394 durum
1137 2362 1205 2404 est,
1239 2364 1274 2397 &
1295 2357 1492 2408 poctaemo-

832 2405 900 2438 stro
923 2406 1212 2450 relinquendum,
1245 2419 1324 2441 cum
1356 2409 1492 2453 praeser-

833 2450 895 2483 tim
914 2452 1022 2484 bruma
1042 2463 1111 2485 non
1129 2462 1198 2485 tam
1219 2451 1385 2497 frigidam
1406 2456 1494 2489 aeris

834 2495 1112 2530 constitutionem
1160 2497 1338 2542 significet,
1389 2511 1492 2544 quam

831 2541 923 2573 diem
962 2542 1187 2583 brevz'ffimanz,
1241 2544 1336 2586 quod
1364 2556 1489 2579 nomen

830 2586 865 2619 in
900 2587 1056 2620 breumum
1092 2587 1145 2620 vel
1163 2589 1304 2621 brumam
1337 2591 1494 2625 contrahi

828 2630 1033 2672 viderur-eo
1069 2630 1136 2664 fere
1157 2632 1281 2675 modo,
1305 2644 1343 2668 ut
1362 2637 1491 2679 infimus

829 2679 882 2711 vel
896 2680 1029 2712 intimus
1056 2677 1092 2711 in
1121 2678 1219 2712 imum
1237 2679 1303 2714 ἃς.
