1696 2942
431 86 987 133 ‘EIDYLLIUM
1044 101 1081 131 v

1300 96 1370 147 633

201 191 283 235 Hic
300 189 452 231 mirum
476 187 685 243 consurgit
705 201 824 243 opus.
881 185 1088 242 Cytherea
1107 187 1300 231 maritum

205 262 361 318 Sponte
398 263 523 316 rapit,
563 262 737 317 caelique
766 268 880 302 toros
911 261 1070 301 imitata
1100 262 1260 315 priores

201 336 371 378 Pe6tora
402 336 550 377 lascivo
589 335 690 377 flatu
728 336 929 377 Mavortia
971 333 1114 383 nestit,

201 408 256 453 Et
278 420 439 453 tantum
467 411 669 466 suspendit
700 424 828 460 onus,
865 411 1076 465 galeaeque
1107 411 1286 458 lacertos

92 499 135 538 35
208 487 418 542 Implicat,
449 487 491 528 δε
515 487 624 528 vivis
657 494 791 527 totum
820 486 1104 540 complexibus
1133 489 1272 531 ambit.

201 561 280 602 Ille
311 560 512 602 lacessitus
544 561 672 615 longo
698 559 925 613 spiraminis
955 557 1047 601 astu

204 635 379 677 Arcanis
415 634 590 675 trahitur
619 634 792 687 gemma
823 632 874 670 de
904 632 1082 686 conjuge
1103 634 1237 675 nodis.

211 708 400 750 Pronuba
431 705 480 747 fit
510 714 656 747 natura
684 706 794 752 deis,
834 704 1068 759 ferrumque
1100 708 1264 751 maritat

202 784 316 827 Aura
338 790 474 824 tenax.
507 781 647 822 subitis
671 780 873 820 sociantur
905 779 1083 820 Numina
1112 780 1250 823 furtis.

91 872 145 909 40

255 860 361 908 Quis
396 857 507 898 calor
538 854 716 895 infundit
755 855 930 909 geminis
954 855 1108 895 alterna
1138 858 1316 901 metallis

202 930 415 974 Foedera?
452 942 543 983 quae
573 928 692 968 duras
718 926 857 982 jungit
878 928 1095 968 concordia
1124 932 1318 973 mentes?

201 1004 368 1058 Flagrat
388 1001 534 1042 anhela
562 999 688 1049 filex,
727 1000 770 1042 &
797 1002 967 1042 amicam
999 1001 1131 1043 saucia
1151 1004 1273 1046 sentit

202 1080 438 1126 Materiem‚
467 1077 724 1133 placidosque
747 1077 919 1132 chalybs
951 1080 1161 1133 cognoscit
1184 1086 1365 1127 amores}

256 1153 325 1196 Sic
354 1153 500 1199 Venus
538 1151 779 1194 horrificum
808 1153 905 1194 belli
932 1155 1189 1209 compescere
1213 1157 1385 1215 Regem,

113 1384 155 1428 36
186 1383 269 1425 iustu,
299 1385 338 1417 it.
367 1382 446 1417 aestu
474 1382 555 1426 conj.
587 1384 704 1428 Heinfi

115 1444 251 1479 insudat
270 1445 349 1487 conj.
370 1445 484 1488 Heius!

1418 1251 1474 1294 Et

795 1392 842 1427 40
865 1381 1021 1420 infundit
1046 1366 1088 1421 etl:
1124 1387 1258 1424 insudet
1278 1393 1352 1427 MS.
1376 1394 1452 1429 hine

576 1454 612 1487 41
637 1443 745 1478 duros
773 1464 803 1472 —-

113 1508 195 1549 (avij.
222 1507 333 1540 Barth.
366 1518 422 1539 nec
449 1507 593 1550 displicet
626 1508 773 1548 Heinsio:

114 1570 212 1612 filex,
235 1571 269 1608 ἐς
295 1582 325 1604 ν.
345 1579 386 1612 54
412 1571 479 1613 jam
499 1570 629 1615 gelidas
659 1582 760 1616 rupes
790 1571 850 1608 &a

826 1455 959 1479 montes
980 1448 1003 1480 i.
1017 1450 1146 1482 metalla
1164 1452 1324 1486 montibus
1345 1456 1449 1498 effieffa

813 1507 848 1544 ὃς
868 1509 1002 1552 pulchre
1022 1513 1171 1545 convenit
1194 1524 1248 1548 .v.
1269 1525 1305 1557 4!
1330 1516 1451 1554 anhela

940 1582 977 1615 43
1003 1572 1148 1617 ignoscit
1174 1579 1248 1611 MS.
1274 1579 1349 1613 hinc
1374 1581 1450 1626 pla-

236 1631 385 1676 cidoque
403 1631 490 1667 chaL
515 1631 658 1677 ignescit
677 1643 790 1670 amore
807 1634 887 1677 conj.
899 1635 1014 1680 Heinfi
1035 1636 1250 1683 placitosque
1261 1642 1338 1676 MS.

137 1800 169 1834 31
195 1790 228 1825 Si
260 1790 337 1826 talis
364 1790 481 1826 fabula
509 1791 563 1826 vel
581 1792 752 1838 spetiacu-

94 1837 168 1871 lutn
199 1837 311 1871 atium
332 1836 403 1877 est=‚
437 1847 573 1882 oportet
601 1849 757 1883 quacun-

121 1894 163 1916 ue
211 1881 463 1916 machinatione
500 1884 612 1926 primo
649 1892 756 1928 prope

95 1892 157 1961 ¹{ibi
186 1927 324 1961 admota
352 1926 414 1960 effe
451 1927 542 1973 signa
573 1930 755 1972 utriusque

94 1972 185 2013 Dei,
234 1972 341 2006 donec
372 1973 465 2006 illam
507 1984 610 2018 quam
649 1983 757 2006 atmo-

94 2017 259 2062 sphaeram
307 2019 477 2062 magnetis
505 2018 558 2051 vel
593 2017 755 2062 i'phaerain

95 2062 283 2097 anstivitatis
312 2063 432 2096 dicunt
461 2063 676 2107 philosophi,
708 2073 757 2096 at-

96 2108 246 2152 tingeret
268 2106 362 2141 Mars
377 2136 385 2149 ‚
420 2116 490 2152 quo
511 2107 600 2142 fauo
621 2109 756 2153 reliqua

94 2152 215 2198 sponte
234 2163 363 2186 naturae
383 2154 584 2198 magneticae
614 2163 756 2199 potuere

94 2199 225 2244 peragi.

144 2253 178 2286 33
203 2246 323 2284 flatus,
345 2252 384 2277 ut
404 2244 541 2286 Afflatus
559 2243 672 2278 atium
696 2256 759 2289 po-

95 2297 246 2330 tentem,
274 2286 328 2322 sed
355 2290 528 2323 occultum
558 2290 593 2323 ἃ
622 2288 757 2335 fngien-

99 2343 169 2368 tem
188 2334 306 2368 oculos
326 2342 443 2368 notat:
467 2334 579 2378 qualis
597 2335 642 2368 cst
653 2336 758 2377 venti,

96 2379 208 2424 ignis,
241 2379 407 2421 siderum,
439 2379 601 2424 contagio
631 2379 756 2421 morbi,

97 2424 134 2458 δι
154 2424 209 2457 hic
230 2425 282 2457 vis
312 2426 514 2470 magnetica.

143 2477 182 2511 34
205 2469 339 2503 Galeam
353 2478 491 2515 oportet
511 2468 757 2515 cogitarebene

96 2512 258 2558 longam,
289 2527 365 2560 quae
394 2516 496 2549 etiam
520 2514 687 2550 cei-vicem
718 2514 755 2550 δε

95 2559 225 2593 collum
245 2569 348 2604 tegat.

143 2603 184 2645 36
212 2604 401 2648 Spiraminis
421 2608 522 2640 namn
551 2606 670 2640 eodem
685 2606 757 2640 sen—

95 2647 133 2685 su
151 2649 272 2694 ponit,
305 2651 505 2696 quemodo
532 2653 674 2695 afflatum
703 2651 757 2687 di,

813 1804 927 1835 xerat,
953 1794 988 1828 &
1008 1795 1119 1831 statim
1141 1808 1242 1833 vocat
1264 1813 1384 1838 auram.
1415 1805 1473 1840 Sic

812 1841 966 1890 infimum
994 1852 1163 1877 vocarunt
1188 1846 1378 1891 rationem,
1403 1861 1473 1894 qua

814 1895 927 1918 anima
957 1896 1083 1930 corpus
1105 1889 1196 1933 agit,
1237 1901 1307 1925 non
1327 1903 1367 1927 tit
1398 1907 1472 1930 mo-

814 1928 898 1962 dum
936 1930 1172 1975 declararent3
1212 1935 1266 1969 sed
1295 1947 1335 1971 ut
1370 1939 1472 1975 illum

814 1985 832 2007 a
851 1973 881 2007 se
899 1986 968 2009 non
986 1976 1222 2024 satisintelligi
1245 1980 1454 2019 indicarent.'

835 2065 841 2072 η
860 2026 902 2064 39
929 2022 1011 2055 Non
1030 2021 1108 2057 satis
1136 2027 1275 2070 proprie
1297 2030 1396 2071 furta
1416 2031 1468 2065 di-

812 2075 879 2104 cit,
918 2077 993 2109 quae
1024 2067 1061 2100 in
1100 2069 1280 2115 conspectu
1310 2076 1473 2111 omnium.

812 2109 921 2143 fiunt:
944 2110 1128 2190 seddpotest
1147 2111 1210 2149 hoc
1230 2116 1377 2164 intelligi
1392 2133 1472 2156 cnm

811 2155 960 2200 respetstu
987 2168 1003 2190 a
1060 2159 1275 2204 Vulcanum,
1308 2164 1343 2198 ἃ
1373 2168 1470 2210 quod

814 2201 902 2234 nihil
939 2200 1112 2237 solennius
1139 2205 1185 2238 est
1226 2209 1337 2251 poetis
1366 2222 1471 2254 quam

813 2247 956 2297 Yeneris
976 2258 1048 2289 res,
1075 2261 1150 2293 quae
1177 2252 1381 2299 plerumque
1399 2255 1473 2290 fur·

811 2301 874 2325 tim
898 2291 987 2325 fiunt
1016 2294 1061 2327 ita
1091 2295 1230 2339 signare.

858 2347 904 2379 40
927 2337 1053 2372 Foedera
1074 2339 1156 2374 solet
1179 2341 1290 2376 noster
1311 2345 1352 2378 de
1371 2347 1469 2382 omni

811 2380 886 2427 lege
897 2393 1024 2430 natura}
1035 2385 1161 2427 dicere,
1172 2397 1210 2419 ut
1222 2397 1250 2428 3,
1264 2400 1293 2430 4.
1307 2391 1471 2434 26‚56.;3,

811 2427 866 2467 65.
928 2428 983 2463 Sic
1012 2430 1189 2464 Lucretius
1226 2431 1262 2465 in
1301 2433 1363 2468 hoc
1401 2437 1474 2482 ipso

814 2483 1017 2518 argumento
1066 2477 1235 2520 magnetis
1257 2505 1266 2518 ,
1317 2480 1337 2512 6
1354 2507 1362 2521 ,
1397 2482 1471 2525 906

812 2520 935 2562 quaerit
955 2522 1024 2565 ,Qto
1039 2521 1158 2563 foedere
1168 2531 1291 2556 uatura'
1302 2526 1363 2567 fiat
1379 2527 1447 2562 &c.

857 2575 897 2604 41
925 2566 1047 2606 Ludit,
1070 2577 1147 2599 cum
1166 2568 1261 2601 duras
1279 2580 1397 2607 memes
1409 2571 1473 2607 tri-

811 2606 890 2644 buit
911 2609 1013 2655 signis
1033 2621 1050 2645 e
1069 2611 1219 2647 metallo.
1356 2620 1358 2623 ’
