1696 2942
288 135 360 184 502

560 126 648 169 CL.
683 124 1066 169 CLAUDIANI
1105 124 1248 167 XXIX

320 221 504 265 Prodidit
534 223 735 264 Oenomai
765 223 983 276 deceptum
1010 223 1205 277 Myrtilus
1233 236 1365 263 axem.

323 295 602 350 Hippomenes
642 297 828 350 trepidus
861 296 981 337 cursu
1014 297 1205 351 ferroque
1240 296 1417 337 secutam

214 377 282 418 170
319 370 475 411 Auram
505 371 715 412 volucrem
743 371 861 411 flexit
889 369 1133 412 Schoeneida
1163 385 1300 425 pomo.

326 443 550 485 Herculeas
589 445 693 485 vidit
731 445 862 486 fluvio
903 443 1083 487 metante
1112 444 1313 498 palaestras

326 516 538 572 Moenibus
568 531 621 558 ex
649 518 742 558 altis
765 517 975 572 Calydon,
1002 518 1261 572 pretiumque
1294 516 1422 557 labori

327 586 522 629 Deranira
552 589 652 637 fuit,
689 604 784 630 cum
812 588 979 644 pectore
1008 587 1138 629 viftor
1166 589 1314 628 anhelo

329 662 499 705 Alcides
521 672 747 720 premeret,
775 674 966 719 retroque
995 665 1224 710 Achelo'sus
1256 655 1335 704 fret

223 742 287 783 173
330 735 522 778 Decolor.
561 739 762 782 Attonitae
794 739 1044 793 stringebant
1064 738 1234 778 vulnera
1260 735 1482 792 Nymphae.

333 808 478 852 Saucia
506 820 698 855 truncato
729 813 938 867 pellebant
977 812 1148 854 flumina
1177 824 1319 851 cornu.

336 883 399 927 Te
432 900 514 928 non
537 888 804 943 Hesperidum
834 889 990 944 pomis,
1019 901 1103 928 non
1130 900 1246 926 amne
1276 884 1449 932 subatro,

335 956 431 999 Non
461 960 645 1003 socerum
672 961 838 1002 fallente
870 970 980 1007 rota,
1018 960 1083 1000 sed
1117 960 1254 1014 judice
1285 959 1434 1012 dignus

340 1031 546 1085 Augusto,
586 1035 710 1075 variis
734 1033 905 1075 Stilicho
929 1033 1129 1087 spectatus
1157 1034 1200 1073 in
1232 1033 1355 1072 armis

231 1108 297 1145 180
342 1103 533 1160 Accipit,
562 1104 604 1148 ἃ
625 1107 745 1161 regni
774 1107 892 1147 dotes
922 1107 1077 1147 virtute
1096 1106 1271 1160 paravit.

259 1378 313 1414 12¹2
336 1370 464 1407 laboris
489 1375 576 1419 vulg.

670 1382 722 1417 173
747 1373 883 1419 peE’tore
905 1394 917 1400 -
931 1371 1088 1406 fremeret
1107 1373 1197 1417 vulg.

1475 1191 1602 1248 Saepe

1288 1370 1348 1415 176
1373 1368 1585 1415 squallebant

802 1456 882 1498 conj.
905 1457 1017 1498 Heinfi

287 1640 351 1679 168
387 1643 470 1676 Dece
493 1651 543 1676 rus
571 1643 637 1676 axis
664 1641 731 1684 est,
765 1651 804 1676 ut
830 1643 898 1683 iam

240 1684 430 1726 innuimus,
481 1687 638 1722 estitutus
658 1688 700 1721 ab
723 1688 782 1722 illo
801 1689 898 1721 clavo

237 1728 262 1762 s.
273 1731 462 1766 retinaculo
491 1733 568 1774 suo,
601 1743 640 1766 ut
660 1744 728 1766 non
750 1732 899 1777 amplius

238 1774 408 1809 innitatur
434 1786 534 1818 rotae,
585 1777 639 1811 sed
670 1787 765 1811 terrae
793 1776 899 1810 illisus

239 1817 441 1865 frangatur,
467 1833 526 1857 aut
550 1822 671 1856 haereat
690 1832 790 1856 certe.
820 1821 900 1855 Vid.

243 1864 285 1898 de
306 1864 364 1898 usu
389 1865 490 1909 hujus
511 1867 606 1901 verbi
627 1868 763 1912 poetico
784 1867 901 1911 copio-

241 1907 309 1942 sam
336 1910 450 1945 silvam
473 1911 515 1946 ab
534 1912 671 1948 Heinsio
692 1913 903 1946 &Burman-

242 1963 288 1988 no
314 1956 489 1991 collecstam
511 1958 554 1991 ad
577 1959 663 1991 Aen.
682 1969 713 2000 4,
728 1968 771 2000 ¹7·

290 2045 354 2089 169
395 2047 625 2091 Hippomenis
655 2047 690 2081 &
733 2047 903 2081 Atalantae

243 2088 401 2123 Schoenei
425 2093 461 2124 F.
494 2090 647 2126 fabulam
667 2091 808 2126 delicate
829 2102 904 2124 nar-

245 2143 299 2166 rat
329 2135 434 2170 Ovid.
455 2138 539 2171 Met.
566 2147 616 2175 ιο,
629 2137 710 2177 560.
754 2137 905 2170 Breviter

245 2177 343 2212 cursu
379 2191 563 2215 certantem
598 2181 709 2215 secum
743 2181 906 2227 puellam,

247 2225 381 2268 quoties
401 2225 598 2270 superatura
620 2225 812 2266 videbatur,
837 2237 907 2259 ma-

244 2268 281 2302 io
300 2271 550 2314 aureo(qnalia
569 2271 645 2305 sunt
667 2270 906 2315 Hesperidum,

245 2324 395 2357 quorum
423 2316 487 2349 tria
513 2327 528 2349 a
549 2319 680 2351 Venere
707 2317 907 2360 acceperat)

247 2359 400 2404 prosette
436 2361 633 2394 retardavit.
703 2359 838 2394 Turbas
868 2371 906 2393 ac

249 2403 385 2438 diffidia
430 2405 710 2450 mythologoruin
757 2405 799 2438 de
846 2408 907 2439 hac

247 2449 412 2484 Atalanta
432 2450 535 2484 refert
553 2450 678 2496 Spanh.
702 2452 745 2485 ad
762 2450 905 2485 Call.H.

249 2494 289 2528 in
308 2495 413 2530 Dian.
433 2497 533 2531 v.216
558 2507 592 2541 p.
613 2506 671 2539 275
682 2495 751 2541 sqq.

295 2592 344 2626 ¹7¹
369 2585 568 2637 Qeianiram
597 2587 724 2629 Oenei,
753 2586 813 2632 qui
841 2585 906 2619 Ca-

250 2627 379 2675 lydone
396 2633 636 2677 imperitabat,
659 2630 790 2675 filiam,
812 2631 909 2667 simul

980 1641 1116 1677 etebant
1147 1641 1312 1676 Hercules
1355 1641 1391 1674 &
1429 1640 1614 1680 Achelous,

981 1689 1083 1722 uvius
1114 1687 1266 1732 patrius,
1307 1686 1390 1729 qui,
1418 1695 1458 1718 ut
1479 1685 1536 1719 alii
1562 1686 1611 1718 DI

957 1733 1100 1773 marini,
1136 1732 1262 1766 formas
1293 1730 1475 1771 assumere,
1508 1739 1614 1774 prout

957 1789 1045 1823 opus
1081 1776 1179 1816 esset,
1212 1776 1323 1810 varias
1357 1784 1498 1820 poterat.
1529 1775 1612 1808 Exi-

957 1834 1013 1856 tus
1045 1822 1100 1856 hic
1131 1821 1220 1861 fuit,
1265 1831 1303 1854 ut
1328 1821 1500 1866 superaret
1528 1821 1616 1853 Her-

957 1867 1077 1908 cules,
1125 1877 1232 1900 cornu
1277 1867 1422 1900 alterum
1460 1864 1618 1909 perderet

957 1912 1151 1952 Achelous,
1194 1910 1288 1955 quod
1318 1909 1478 1956 nymphae
1514 1909 1618 1943 susce-

958 1968 1058 2003 ptum
1089 1955 1260 1991 fructibus
1292 1955 1452 1990 omnibus
1492 1955 1616 1998 imple-

960 2014 1034 2037 tum
1074 2004 1176 2047 Copia·
1206 2004 1309 2035 cornu
1334 2000 1462 2034 fecere.-
1492 2000 1618 2033 eaedem

959 2059 1101 2094 nempe,
1125 2057 1209 2091 quas
1227 2045 1337 2079 noster
1355 2045 1437 2079 facit
1447 2046 1619 2089 stringere,

960 2093 994 2126 h.
1013 2105 1040 2126 e.
1060 2093 1202 2136 alligare
1237 2091 1272 2125 ἃ
1299 2091 1458 2125 claudere
1487 2089 1620 2124 studere

961 2139 1103 2171 vulnera
1132 2136 1238 2181 patris
1270 2135 1332 2169 sui.
1386 2137 1513 2169 Narrat
1542 2135 1621 2179 pul-

963 2182 1042 2216 chre
1068 2181 1135 2227 ipse
1173 2180 1348 2214 Achelous
1387 2179 1477 2224 apud
1509 2179 1614 2214 Ovid.

961 2229 1044 2262 Met.
1065 2237 1150 2271 9p1·.
1197 2226 1250 2258 De
1269 2224 1377 2258 fluvio
1401 2227 1558 2269 pallente,
1582 2225 1620 2258 &

962 2273 1106 2306 cornibus
1136 2270 1320 2305 fluviorum
1346 2269 1438 2305 conf.
1457 2269 1549 2306 dieta
1576 2269 1620 2305 ad

962 2327 1018 2359 20,
1039 2316 1095 2360 163
1111 2315 1157 2361 sq.

1007 2461 1062 2494 177
1084 2453 1295 2496 Hesperidum
1314 2462 1404 2496 poma
1417 2458 1514 2487 vocat
1533 2449 1621 2502 mala

962 2508 1063 2549 aurea
1079 2524 1088 2538 ‚
1130 2508 1205 2541 quae
1235 2508 1252 2530 a
1267 2499 1397 2548 Venere
1417 2504 1553 2546 accepta
1571 2506 1620 2538 Ja-

963 2542 1090 2622 322¹&
1112 2541 1293 2631 ἑιὲἵιίτξξο
1313 2541 1457 2583 (1ιᾶ11111,
1487 2542 1622 2586 Hippo-
