1696 2942
466 124 998 168 EI'DYLLIUM
1053 129 1119 187 n(

222 222 394 265 Secreto
417 223 467 264 de
489 223 605 264 fonte
627 225 799 271 cadens,
831 225 901 278 qu'i
921 223 1076 277 semper
1103 222 1216 263 inani

230 297 484 345 Quaerendus
515 297 673 337 ratione
701 297 823 344 latet3
853 310 929 337 nee
951 296 1126 351 contigit
1159 294 1234 336 ulli
1259 316 1267 326 ι

224 371 314 412 Hoc
334 370 473 412 vidisse
496 380 630 426 caput.

691 373 840 414 Fertur
869 370 951 413 fine
978 371 1078 413 teste
1109 377 1284 419 creatus,

223 446 416 488 Flumina
447 448 699 502 profundens
725 449 848 488 alieni
875 447 1035 488 conscia
1055 446 1160 487 caeli,

117 527 153 564 15
226 518 327 559 Inde
352 534 456 573 rago
479 520 587 574 lapsu
608 520 783 575 Libyam
814 518 1009 573 dispersus
1031 519 1075 559 in
1101 525 1268 558 omnem

219 593 478 648 Aethiopum
515 607 588 648 per
619 594 732 633 mille
761 593 845 633 ruit
876 592 1080 647 nigrantia
1108 604 1247 646 regna,

188 666 279 707 ·'—Et
310 667 398 707 loca
433 668 632 707 continuo
656 665 762 707 Solis
795 666 982 706 damnata
1009 677 1160 718 vapore

223 740 398 788 Iri-orat,
428 742 674 796 populisque
702 741 806 781 salus
837 737 1067 783 sitientibus
1099 745 1220 786 errat,

221 811 298 853 Per
316 814 510 860 Meroen,
542 812 811 868 Blemyasque
842 811 979 858 feros,
1016 817 1226 864 atramque
1252 808 1435 865 Syenen.

111 900 161 930 20

136 1070 167 1121 il
184 1086 315 1122 -seatens
328 1089 395 1130 Cuj.
463 1089 499 1123 16
526 1099 639 1122 means
654 1090 727 1122 MS.

227 886 346 927 Hune
373 888 476 928 bibit
497 886 671 926 infrenis
693 884 909 931 Garamas,
938 884 1200 938 domitorque
1230 882 1409 927 ferarum

220 958 464 1007 Girrhaeus,
486 960 555 1014 qui
577 960 679 1000 xasta
715 958 820 1006 colit
855 957 924 998 sub
948 957 1116 1011 rupibus
1149 965 1275 1009 antra,

869 1013 938 1055 SS
968 1025 985 1060 ὅ
1385 1005 1492 1063 Δ(ὶηί

796 1097 840 1123 20
863 1087 998 1121 effrenis
1018 1089 1110 1131 vulg.
1133 1083 1275 1119 infrenis
1296 1087 1389 1120 etiam
1400 1088 1472 1128 Cuj.

133 1141 165 1165 21
195 1135 344 1178 Cyrreus
364 1137 417 1167 vel
436 1133 620 1179 Cyrrbaeus
641 1136 730 1177 vulg.
764 1134 919 1166 Carraeus
940 1135 1062 1170 Claver⁴
1095 1131 1243 1165 Cirenus
1262 1133 1473 1176 i.Cyreneus

133 1179 347 1222 tajzsyll..idem
362 1182 487 1213 elaver.
503 1182 539 1213 in
559 1180 691 1222 append.
714 1179 854 1212 Cirreus
868 1206 876 1220 ,
901 1180 1059 1211 Guareus
1073 1204 1082 1219 ,
1107 1179 1265 1221 Gyareus
1278 1203 1287 1218 ,
1311 1176 1472 1220 Giareus,

329 1226 484 1270 Gyrreus
496 1252 507 1267 ,
556 1225 701 1258 Girreus

749 1226 848 1258 MSS.

923 1222 1113 1257 Girrhaeus
1163 1222 1275 1267 Barth,

571 1270 602 1277 “⁸
632 1270 684 1302 hic
702 1270 735 1306 lif
752 1270 956 1312 Adv.11,24.

157 1364 188 1388 11
218 1355 359 1388 Secrerus
378 1355 433 1389 hic
452 1354 498 1389 est
517 1354 694 1395 occultus,
719 1354 770 1387 in-

111 1401 283 1443 cognitus.
351 1403 461 1433 Inanis
504 1402 607 1440 ratio,
647 1399 771 1433 frustra

113 1443 270 1488 sulcepta.
339 1447 451 1491 Qam
497 1445 663 1487 laboriose
705 1446 770 1478 hoe

76 1503 78 1506 ·
114 1490 221 1533 egerit
243 1490 460 1531 Herodorus,
484 1489 552 1535 ipse
574 1500 687 1523 narrat
702 1519 709 1529 ,
734 1490 769 1523 &

112 1534 154 1567 de
175 1535 326 1613 Aegypti
347 1535 498 1580 Regibus
519 1534 652 1576 Strabo,
676 1535 770 1569 ll.ec.

115 1579 157 1612 de
178 1580 270 1613 omni
300 1591 339 1613 us
372 1582 413 1614 ad
436 1580 526 1614 suam
553 1590 682 1613 aetatem
713 1592 772 1624 pe-

112 1625 236 1658 culiari
255 1636 358 1669 opere
377 1625 412 1658 Is.
427 1626 556 1659 Voffius
569 1653 578 1666 ,
602 1626 661 1670 qui
682 1624 771 1660 reete

113 1670 254 1714 quidem
276 1669 364 1704 illud
390 1670 571 1711 admonet,
607 1681 675 1704 non
708 1669 773 1703 effe

112 1715 253 1759 proprie
272 1726 380 1748 unum
401 1717 569 1758 majorum
588 1714 773 1749 fluminum

113 1758 261 1801 fontem,
285 1771 391 1793 unam
413 1761 668 1805 scaturiginem,
692 1771 772 1793 cum

115 1804 277 1850 pluribus
310 1805 526 1850 ignobilibus
559 1806 594 1839 δε
635 1805 774 1839 nomine

113 1850 310 1883 carentibus
341 1851 424 1884 rivis
452 1851 603 1885 colleffls
634 1850 774 1884 demum

114 1895 208 1940 quod
245 1895 326 1929 inde
355 1896 519 1930 confluxit
539 1907 663 1930 nomen
688 1896 777 1929 acci-

115 1941 454 1985 pere,interdumque
466 1942 499 1975 id
515 1940 624 1986 ipsum
638 1951 774 1981 nornen,

115 1985 183 2018 alio
203 1984 260 2018 fibi
275 2013 284 2027 ,
306 1987 437 2020 minore
455 1987 580 2027 etiam,
608 1986 776 2026 admixto,

114 2030 270 2063 amittere
287 2030 405 2065 soleat:
434 2031 489 2065 sed
508 2042 576 2065 non
599 2031 682 2064 bene
695 2030 776 2064 inde

115 2084 227 2109 totum
261 2076 409 2110 studium
437 2076 625 2121 indagandi
665 2074 777 2109 fontes

116 2121 278 2154 vanitatis
312 2122 437 2166 arguit.
503 2124 665 2155 Ceterum
698 2131 777 2154 cum

115 2175 227 2199 totum
256 2166 319 2201 hoc
347 2167 494 2211 pendeat
517 2178 535 2200 a
561 2165 630 2200 fide
650 2166 778 2199 accola-

118 2222 194 2244 rum
209 2238 218 2251 ,
242 2223 450 2256 eorumque,
474 2211 534 2256 qui
556 2210 597 2244 ab
609 2211 660 2245 his
684 2222 779 2245 acce-

115 2266 215 2301 pere:
259 2257 344 2290 nihil
373 2257 512 2291 videtur
544 2257 667 2291 melius
701 2255 777 2297 effe,

116 2312 220 2346 quam
241 2313 376 2336 manere
395 2302 534 2336 interim
558 2303 593 2335 in
615 2302 680 2343 his,
701 2312 778 2346 quae

118 2347 155 2380 in
183 2347 393 2392 Aethiopica
439 2347 590 2381 Historia
637 2349 780 2391 ejusque

115 2393 374 2427 Commentario
399 2396 433 2426 L.
457 2404 468 2426 1
498 2405 526 2427 c.
547 2399 566 2432 8
601 2391 699 2426 dedit
721 2391 780 2425 de-

117 2448 176 2471 cus
207 2438 401 2472 Germaniae
429 2436 566 2472 Hiobus
597 2437 777 2478 Ludolfus,

119 2481 159 2515 ad
182 2484 280 2527 cujus
301 2482 426 2525 fidem,
449 2495 465 2517 a
481 2483 615 2517 Iesuitis
634 2483 780 2528 quibus-

117 2526 197 2561 dam
241 2527 418 2572 Apostolis
453 2528 675 2568 solicitatam,
717 2529 778 2572 qui

120 2572 194 2605 Nili
224 2571 334 2607 fontes
374 2573 495 2607 multis
526 2573 618 2607 ultra
647 2574 781 2617 Aequi-

123 2617 305 2651 noffialem
361 2618 529 2663 gradibus
589 2628 779 2660 removent,

121 2673 269 2705 quorum
289 2660 487 2697 sententiam
500 2664 665 2708 peculiari
684 2662 783 2697 char-

118 2717 152 2740 ta
190 2708 394 2742 Homannus
436 2707 616 2750 exhibuit,
650 2708 783 2743 rediere

828 1354 948 1389 Hafius
979 1352 1128 1393 nostrae,
1152 1352 1187 1387 ὅτ
1208 1351 1361 1386 summus
1388 1351 1493 1387 hodie

828 1399 1059 1445 Geographus
1081 1398 1292 1432 Danvillius.

874 1457 908 1487 ¹4
932 1446 1083 1480 Alienum
1104 1446 1213 1477 caelum
1249 1452 1347 1477 vocat
1360 1444 1494 1476 Zonam

826 1490 1005 1524 torridam.
1050 1489 1167 1535 Qin,
1199 1488 1293 1534 quod
1321 1500 1402 1532 -qago
1435 1488 1494 1521 de-

827 1546 922 1568 mum
947 1534 1034 1579 Iapfic
1063 1535 1099 1567 in
1121 1535 1253 1575 Libyam
1283 1544 1404 1567 omnem
1440 1533 1495 1566 di-

824 1579 953 1625 spersus
970 1607 979 1621 ,
1000 1590 1062 1624 per
1077 1581 1166 1613 mille
1185 1591 1282 1622 regna
1306 1580 1495 1622 Aethiopum

829 1638 917 1659 ruere
959 1625 1112 1665 dicitur,
1164 1624 1275 1657 videri
1306 1622 1444 1668 possunt
1474 1633 1495 1656 a

830 1670 1025 1704 Claudiano
1050 1697 1058 1711 ,
1113 1669 1336 1702 Ptolemaeum
1377 1667 1494 1702 secuto

832 1717 923 1749 ultra
977 1714 1277 1759 Aequinoffialem
1326 1713 1495 1747 removeri

830 1761 903 1794 Nili
927 1760 1092 1805 origines.
1149 1760 1215 1793 Sed
1235 1768 1330 1792 cavet
1350 1757 1430 1800 fibi,
1453 1770 1496 1792 ne

832 1806 916 1850 quid
947 1804 1090 1846 statuat,
1124 1814 1181 1838 aut
1214 1804 1336 1838 diserte
1370 1814 1489 1848 ponat,

831 1854 930 1885 Hane
951 1861 1053 1895 porro
1075 1849 1286 1895 populorum
1307 1846 1496 1883 enarratio-

834 1908 932 1938 nem,
965 1895 1021 1929 cui
1052 1895 1167 1928 similis
1197 1894 1243 1928 est
1275 1906 1321 1935 21,
1343 1904 1397 1936 233
1425 1904 1496 1927 non

836 1942 884 1975 ita
903 1940 1048 1984 accipio,
1073 1939 1165 1984 quasi
1187 1940 1264 1974 illos
1285 1950 1401 1974 omnes
1417 1949 1495 1984 per·

835 1995 949 2020 currat
987 1986 1090 2018 Nilus
1125 1984 1218 2030 quod
1257 1985 1299 2018 de
1328 1986 1435 2029 Syene
1458 1984 1496 2018 δε

835 2022 951 2066 Mitro'e'
979 2042 1099 2064 verum
1127 2029 1191 2063 est:
1232 2029 1286 2063 sed
1307 2030 1370 2064 hoc
1391 2030 1496 2063 modo

836 2077 921 2110 velle
946 2078 1081 2121 poetam
1110 2074 1278 2116 arbitror,
1308 2075 1400 2108 ultra
1417 2075 1496 2108 illos

835 2122 984 2166 populos
1012 2129 1159 2155 remotos
1190 2118 1253 2154 effe
1272 2120 1348 2154 Nili
1371 2119 1495 2154 fontes.

836 2170 1054 2213 Qamquam
1097 2164 1170 2210 post
1210 2165 1405 2199 mirabilem
1434 2165 1496 2198 Vi-

833 2212 940 2246 truvii
976 2211 1200 2255 opinionem,
1243 2211 1279 2245 &
1309 2211 1393 2248 iter,
1425 2222 1495 2255 quo

840 2258 963 2291 Nilum
984 2256 1234 2295 circumducit3
1255 2255 1359 2289 etiam
1372 2258 1495 2300 po'e'tae,

834 2303 869 2337 ἃ
888 2302 1135 2343 Alexandrini,
1160 2301 1264 2335 verba
1284 2301 1405 2334 audire
1415 2312 1497 2345 ope-

833 2358 878 2381 1·ae
900 2348 1051 2392 pretium
1071 2345 1128 2380 est.

880 2405 916 2438 ¹9
941 2395 1078 2435 Blemyes
1106 2391 1128 2426 s.
1147 2391 1312 2426 Blemmies
1333 2391 1368 2424 ἃ
1388 2393 1496 2426 Gara-

831 2446 953 2472 mantes
986 2449 1054 2472 non
1075 2436 1154 2483 satis
1181 2436 1264 2470 certi
1290 2436 1382 2475 suus,
1406 2437 1497 2470 intra

834 2482 1133 2533 Aequinofflalem
1171 2491 1285 2515 tamen
1314 2481 1349 2514 &
1367 2481 1496 2525 Tropi-

820 2527 913 2563 >cum
934 2528 1082 2567 Cancri,
1121 2527 1162 2560 ad
1197 2525 1368 2559 sinistrum
1405 2526 1495 2560 Nili.

837 2577 946 2608 Meroe
971 2573 1116 2615 &Syene
1139 2571 1214 2604 Nili
1245 2569 1372 2605 insulae.
1412 2570 1498 2606 Gir-⁷

833 2620 916 2653 rhaei
938 2618 1058 2652 accolae
1079 2618 1146 2657 Gir
1166 2615 1317 2648 fluminis
1328 2643 1350 2662 ,-
1369 2615 1412 2650 de
1425 2628 1497 2662 quo

837 2663 882 2702 ad
900 2674 950 2705 21,
973 2672 1026 2703 251
1052 2660 1186 2707 aliquid
1206 2660 1414 2696 die'tum‘est.
