1696 2942
433 103 1008 147 ‘EIDYLLIUM
1065 117 1099 146 v

1318 111 1384 154 653

207 184 327 246 Mensv
347 203 482 257 valet,
512 204 715 257 expediat.
770 202 892 257 Lapis
911 202 969 243 est
989 202 1235 257 cognomIne
1258 201 1444 258 Magnes,

96 287 139 316 10
201 277 405 323 Decolor,
434 276 652 324 obscurus,
690 276 797 316 vilis,

856 276 953 319 Non
983 276 1054 316 ille
1079 288 1275 330 repexam

206 352 419 392 Caesariem
442 351 625 405 Regum,
651 365 730 392 nec
759 352 930 391 candida
954 352 1127 405 virginis
1149 356 1267 391 ornat

201 427 338 475 Colla,
372 441 448 468 nec
478 426 624 482 insigni
654 427 839 481 splendet
859 440 932 481 per
955 427 1120 480 cingula
1142 426 1302 467 morsu:

199 498 279 541 Sed
310 514 417 541 nova
447 500 475 540 fi
504 501 614 555 nigri
645 502 783 541 videas
814 500 1010 541 miracula
1035 499 1142 547 saxi,

198 574 309 616 Tum
331 576 497 630 pulcros
517 576 676 630 superat
718 576 876 622 cultus,
915 575 957 616 &
976 575 1173 629 quidquid
1203 575 1304 617 Eois

88 661 127 701 15
192 652 318 693 Indus
349 652 538 693 litoribus
565 652 684 692 rubra
708 651 904 691 scrutatur
934 651 977 690 in
1006 651 1108 704 alga.

198 727 305 768 Nam
341 726 452 766 ferro
483 726 633 765 meruit
664 725 812 771 vitam,
840 723 1020 777 ferrique
1051 725 1191 777 rigore

201 799 413 844 Vescitur:
444 800 522 840 hoc
543 800 684 841 dulces
705 798 858 852 epulas,
889 798 968 837 hoc
992 798 1137 852 pabula
1155 799 1299 838 novit:

198 874 305 915 Hinc
338 875 523 928 proprias
553 880 726 913 renovat
754 873 889 912 vires:
924 871 1020 912 hinc
1039 871 1122 912 fusa
1142 885 1215 925 per
1235 879 1348 913 artus

197 937 350 1001 Aspera
373 946 575 986 secretum
605 945 767 986 servant
798 945 992 985 alimenta
1009 946 1208 999 vigorem.

83 1033 132 1060 20
188 1021 278 1062 Hoc
311 1014 471 1060 absente
501 1019 621 1073 perit.
653 1017 755 1058 tristi
778 1018 998 1058 morientia
1021 1023 1188 1071 torpent:

195 1095 377 1139 Membra
403 1094 533 1142 fame,
581 1093 780 1148 venasque
805 1082 887 1133 fitis
917 1092 1116 1133 consumit
1151 1098 1325 1147 apertas.

246 1172 434 1219 Mavors,
465 1171 685 1225 sanguinea
704 1171 773 1225 qui
806 1169 969 1223 cuspide
996 1169 1183 1210 verberat
1214 1169 1352 1216 urbes,

103 1370 126 1404 9
150 1357 330 1404 expediam
350 1357 473 1401 'Heinfi
504 1357 661 1402 experiar
690 1357 771 1398 conj.
808 1357 926 1396 Heius?

101 1418 202 1454 chres
220 1420 262 1452 nl.
285 1428 478 1463 purpureos
501 1417 633 1463 superet
654 1418 736 1461 conj.
747 1418 860 1460 Heius:

579 1487 612 1520 ¹7
637 1476 698 1510 has
717 1497 747 1505 --
769 1476 838 1509 haec
867 1477 911 1510 al.

159 1478 197 1513 16
221 1488 262 1511 ex
283 1476 373 1511 ferro
396 1479 486 1522 vulg.

1407 1240 1463 1283 Et

1018 1365 1053 1398 14
1078 1363 1162 1388 tunc
1192 1353 1328 1400 superat
1361 1353 1441 1399 pul-

928 1425 963 1457 15
986 1415 1061 1449 Indi
1082 1422 1112 1442 -'-
1129 1413 1323 1448 scrutantur
1335 1416 1437 1450 MSS.

1010 1481 1046 1515 18
1072 1473 1150 1508 hinc
1177 1473 1251 1508 fusa
1281 1476 1372 1520 vulg.

639 1546 777 1572 revocat
795 1537 876 1582 pu).

126 1692 148 1727 9
171 1682 307 1725 Magnes
335 1682 528 1725 cognomine.
558 1682 694 1715 tuerer.
715 1679 743 1714 l-

76 1739 106 1762 e.
151 1729 251 1772 Qtem
271 1729 424 1770 Magneta
445 1736 559 1760 vocant
576 1728 680 1770 patrio
702 1727 738 1758 de

76 1774 204 1806 nomine
233 1772 350 1814 Grflfi,
386 1775 576 1815 Magnetum
606 1772 680 1815 quia
695 1773 738 1813 fit

73 1819 189 1863 patriis
212 1819 247 1850 in
269 1818 387 1860 finibus
406 1827 503 1850 ortus.

123 1874 161 1897 10
185 1865 309 1906 Repexa
339 1865 484 1906 Caesaries
513 1870 603 1895 retro
634 1871 736 1906 pexa,

77 1919 119 1941 ne
149 1907 296 1941 frontem
325 1908 426 1941 nimis
461 1908 630 1948 occultet,
678 1915 737 1939 aut

77 1952 293 1998 prospeehun
321 1953 405 1986 adeo
432 1952 608 1995 impedi-at.
652 1952 737 1984 Dia-

78 1997 177 2031 dema
204 1997 258 2031 hic
286 1996 489 2031 describitur
521 1996 664 2041 gemmis
685 1996 736 2028 di-

76 2042 207 2083 stinua,
231 2044 329 2085 cujus
347 2054 412 2088 ope
432 2052 522 2076 retro
543 2042 604 2076 affl
626 2041 736 2079 crines

75 2097 308 2123 continentur.

120 2143 153 2168 12
188 2136 325 2178 Cingula
353 2132 538 2166 hominum
568 2132 603 2166 ἃ
629 2142 734 2175 equo·

66 2178 153 2213 'rum
201 2188 371 2224 gemmata
427 2176 538 2212 noster
586 2176 734 2211 celebrat

75 2234 132 2268 70,
152 2234 197 2266 71.
219 2234 270 2266 73-

120 2279 156 2310 15
178 2271 441 2313 Rubram-algam
457 2267 596 2301 videtur
613 2278 734 2300 vocare

74 2326 144 2349 non
167 2325 184 2348 a
205 2314 262 2349 suo
284 2315 396 2348 colore
410 2342 418 2353 ,
441 2313 493 2346 sed
517 2313 611 2357 quod
621 2311 732 2345 Rubri

73 2360 178 2393 maris
205 2360 278 2393 h.e.
309 2359 437 2394 Oceani
458 2359 568 2392 Indici
595 2357 734 2401 rejeusta-

73 2415 226 2439 mentum
243 2405 291 2438 sit.

120 2450 160 2484 16
185 2451 309 2484 Meruit
340 2459 501 2495 magnes,
535 2448 557 2481 i.
587 2448 727 2492 accepit,

71 2495 173 2528 vitam
204 2506 221 2528 a
255 2495 356 2529 ferro.
411 2495 484 2538 Jam
508 2503 583 2526 tum
613 2494 727 2536 iraque

70 2540 248 2583 cognitum
269 2550 360 2581 erat,
392 2539 439 2573 ita
458 2538 646 2573 conservari
670 2548 730 2571 au-

70 2584 214 2628 verique
224 2586 294 2618 vim
312 2597 366 2626 ma
394 2586 492 2625 netis,
504 2584 524 2617 si
536 2583 666 2627 semper
678 2594 729 2616 re-

69 2613 289 2673 spondentem
301 2596 435 2666 virffius
455 2629 523 2662 suis
544 2627 623 2661 ferri
646 2627 729 2660 mas-

67 2673 135 2708 sam
147 2685 165 2708 a
175 2673 203 2709 se
214 2673 396 2720 suspensam
407 2673 659 2709 habeam-‘auno
669 2673 731 2706 ali-

795 1688 846 1712 ter
856 1679 944 1712 Plin.
965 1677 987 1711 l.
1001 1689 1028 1712 c.
1048 1677 1120 1710 Sola
1131 1678 1195 1711 haec
1221 1676 1354 1711 materia
1376 1675 1458 1721 (fer-

795 1726 896 1766 rum)
921 1724 1006 1756 vires
1028 1724 1065 1755 ab
1086 1736 1117 1756 eo
1138 1724 1239 1766 lapide
1257 1724 1384 1766 accipit,
1408 1735 1458 1756 re·-

792 1772 936 1812 tinerque
966 1771 1057 1811 longo
1087 1777 1238 1812 tempore,
1287 1770 1375 1801 aliud
1401 1779 1457 1813 ap-

791 1816 987 1859 prehendens
1010 1815 1159 1856 ferrum,
1221 1822 1257 1845 ut
1288 1815 1456 1849 anulorum

794 1870 902 1893 catena
938 1861 979 1902 (a
1005 1867 1162 1903 magnete
1188 1857 1454 1904 pendentium)

786 1907 944 1949 spec‘Zetur
964 1905 1124 1936 interdum
1137 1919 1147 1937 .·
1177 1905 1259 1947 quod
1270 1905 1454 1948 imperitum

793 1953 912 1993 vulgus
969 1951 1106 1993 appellnt
1149 1950 1278 1990 ferrum
1327 1951 1453 1983 vivum.

792 1994 882 2027 Illud
913 1995 953 2028 de
982 1994 1094 2027 anulis
1129 1992 1176 2026 est
1219 2005 1258 2027 ex
1300 1994 1453 2027 Platonis

793 2041 874 2074 Ione
897 2052 928 2083 p.
945 2050 1011 2082 145,
1035 2039 1078 2073 A.
1117 2039 1209 2073 Huic
1238 2048 1328 2072 certe
1350 2037 1453 2072 debet

792 2085 969 2118 Lucretius
989 2084 1093 2129 6‚911
1143 2087 1292 2118 Catenam
1364 2086 1452 2129 Saepe

791 2143 826 2164 ex
845 2131 982 2163 annellis
1007 2130 1111 2163 reddit
1128 2131 1338 2173 pendentibus
1367 2142 1402 2163 ex
1415 2133 1451 2173 se

787 2177 935 2222 ‚Qtinque
955 2178 1070 2208 etenim
1095 2176 1168 2207 licet
1195 2176 1354 2208 interdum
1376 2177 1449 2218 plu-

788 2232 895 2264 resque
941 2222 1048 2254 videre
1156 2221 1281 2253 Ordine
1310 2222 1451 2262 demiffias

789 2267 911 2299 levibns
926 2268 1075 2309 jacim-ier
1101 2267 1189 2298 auris
1285 2269 1374 2299 Unus
1395 2266 1449 2298 ubi

788 2324 823 2345 ex
854 2323 914 2344 uno
951 2312 1102 2356 dependet
1131 2311 1242 2353 ficbter
1271 2312 1447 2351 adhaerens,

774 2355 841 2391 ’Ἐκ
855 2358 976 2400 alioque
1003 2358 1085 2390 alius
1117 2357 1229 2398 lapidis
1257 2358 1325 2388 vim
1373 2357 1446 2388 vin-

785 2404 892 2445 {laque
912 2403 1022 2443 noscit.
1066 2403 1167 2434 Forte
1199 2401 1302 2433 etiam
1325 2412 1363 2434 eo
1393 2411 1446 2433 re-

780 2446 880 2491 spicit
910 2446 1038 2487 noster,
1080 2445 1172 2490 quod
1204 2444 1283 2478 ferri
1315 2445 1444 2479 lamina

784 2484 956 2537 applicata
974 2492 1070 2525 velut
1090 2490 1274 2523 armandus
1306 2489 1352 2523 est
1372 2500 1444 2523 ma-

784 2548 888 2580 gnes,
914 2545 953 2570 ut
971 2537 1040 2570 vim
1054 2536 1145 2569 suam
1176 2534 1357 2569 commode
1384 2545 1442 2569 ex-

782 2581 876 2616 serat.

828 2631 868 2661 2'2
894 2629 1018 2659 Utrum
1048 2624 1135 2658 hane
1161 2622 1335 2658 historiam
1355 2625 1442 2659 velit

775 2669 1119 2711 effe-Claudianus,
1143 2669 1179 2703 δι
1208 2670 1344 2703 credere
1377 2681 1440 2704 nos

1274 2714 1434 2760 postulet.
