1696 2942
267 113 343 153 430

548 99 636 143 CL.
680 97 1059 150 -CLAUDIANI
1088 99 1256 146 -Xxvzl

299 217 397 260 Non
417 213 501 256 fine
531 215 699 256 Circaeis
720 213 889 254 Latonia
909 214 1082 256 reddidit
1100 215 1252 258 herbis.

293 292 515 346 Cretaque,
552 289 581 329 fi
607 302 731 329 verax
755 296 939 329 narratur
965 289 1120 339 fabula,
1147 291 1254 332 vidit

297 368 481 408 Minoum
507 372 626 418 rupto
656 376 829 418 puerum
853 365 1016 418 prodire
1047 366 1256 420 sepulcrot

297 443 431 491 Quem
458 439 590 479 senior
613 445 724 479 vates
745 440 881 479 avium
905 439 1097 494 clangore
1118 447 1327 494 repertum

187 528 260 566 445

302 514 496 555 Gramine
509 510 715 560 ⁷restituit3
753 513 868 552 mirae
890 523 985 552 nam
1003 524 1172 553 munere
1194 513 1313 554 sortis

298 583 445 630 Dulcia
471 580 593 627 mella
613 599 777 634 necem,
806 587 934 627 vitam
953 588 1064 627 dedit
1080 586 1269 628 horridus
1290 587 1448 642 anguis.

300 663 358 705 At
376 669 470 702 tuus
499 662 695 701 adventus
725 673 808 701 non
836 674 962 702 unum
991 642 1138 716 corpus
1160 662 1208 702 ab
1228 662 1395 710 umbris,

303 734 382 776 Sed
412 741 474 775 tot
501 735 710 776 communi
734 735 907 789 populos
941 735 1010 776 sub
1041 743 1172 776 morte
1198 735 1394 789 jacentes,

301 808 487 864 Totaque
517 807 724 850 Tartareis
752 822 776 848 e
796 808 981 850 faucibus
1011 810 1159 863 oppida
1180 809 1319 849 traxit.

355 874 595 937 Ipso'Roma
624 883 711 930 die,
740 895 816 923 nec
843 882 973 923 adhuc
994 883 1217 924 ostenditur
1245 879 1400 931 auctor,

300 958 512 1000 Personuit
533 956 683 998 venisse
713 957 880 1009 ducem,

910 958 1087 1012 laetisque
1107 958 1291 1008 Quirites

298 1033 483 1076 Vocibus
505 1031 725 1086 auspicium
746 1033 848 1073 certi
872 1031 1053 1086 plausere
1079 1031 1291 1087 triumphi,

300 1105 450 1146 Muniti
469 1103 695 1145 Stilichone
722 1103 804 1147 suo.

863 1105 967 1154 Quis
997 1105 1142 1159 gaudia
1161 1117 1262 1144 vero

300 1178 523 1234 Principis,
554 1179 768 1233 amplexus
796 1178 941 1219 alacris
960 1180 1052 1233 quis
1072 1177 1232 1220 differat
1257 1177 1395 1220 aulae?

187 1265 254 1304 455

300 1252 487 1294 Pulveris
503 1252 742 1307 «ambiguam
765 1252 915 1292 nubem
935 1250 1185 1306 speculamur
1211 1252 1259 1293 ab
1280 1252 1373 1293 altis

296 1325 522 1373 Turribus,
549 1325 719 1372 incerti,
747 1324 881 1365 socios
909 1330 1100 1379 apportet
1131 1338 1182 1364 an
1212 1325 1348 1366 hostes

256 1398 262 1407 ’
298 1401 377 1444 Ille
395 1400 575 1456 globus:
613 1406 795 1442 mentem
826 1399 1007 1456 suspensa
1034 1398 1190 1442 silentia
1209 1399 1371 1449 librant,

279 1593 345 1628 ⁴4²
368 1593 447 1633 vera
476 1586 546 1630 Bas
561 1586 665 1630 June.
684 1585 762 1620 ΑΜ.

191 1727 382 1753 revocatus.
448 1717 606 1752 Suaviter
631 1727 744 1751 narrat
770 1717 859 1751 sum—

193 1775 284 1797 mam
297 1764 344 1796 rei
356 1764 454 1808 Virg.
467 1763 553 1796 Aen.
564 1773 592 1803 7,
602 1762 664 1804 765
677 1762 747 1806 sqq.
792 1764 858 1796 Ex-

195 1807 282 1842 stant
305 1808 484 1853 Euripidis
504 1807 537 1840 &
556 1809 687 1840 Senec'ae
707 1807 769 1841 hoc
795 1818 859 1840 no-

194 1854 287 1886 mine
334 1853 370 1886 &
416 1862 619 1886 aruuinento
660 1852 857 1896 tragoediae.

193 1900 319 1932 Circaeae
341 1898 439 1930 herbae
455 1883 532 1937 funt
550 1897 688 1942 magicae
700 1925 709 1937 ,
730 1896 858 1941 quibus

193 1941 312 1987 praeest
325 1943 450 1984 Diana,
476 1952 644 1986 quatenus
662 1943 788 1975 Hecate
807 1940 863 1975 est.

194 1989 314 2031 Itaque
333 1998 402 2020 non
420 1998 508 2031 opus
529 1986 650 2020 habuit
659 1986 863 2031 Aesculapio

196 2043 299 2076 quem
321 2031 490 2076 Virgilius
516 2032 538 2066 1.
558 2044 587 2066 c.
615 2030 659 2065 ob
689 2030 861 2065 resuscita-

193 2087 270 2110 tum
293 2076 526 2121 Hippolytum
554 2087 572 2109 a
588 2078 675 2120 Jove
700 2075 865 2110 fulmina-

195 2130 272 2157 tum
284 2148 294 2162 ,
317 2133 396 2156 cum
414 2122 492 2155 aliis
513 2120 627 2155 refert.

241 2222 305 2255 442
325 2209 512 2245 Mousti-osa
531 2209 648 2245 fabula
661 2240 669 2253 ‚
696 2223 770 2257 quae
787 2220 863 2245 tan-

198 2257 295 2302 gitur
312 2256 354 2290 ab
376 2256 505 2290 Ovidio
518 2256 614 2290 Ibide
631 2267 714 2301 5593
747 2268 862 2290 narra-

199 2311 279 2344 tur,
308 2300 364 2335 sed
392 2313 470 2335 cum
497 2301 688 2379 diygrsitate
712 2302 859 2346 quadam

199 2346 304 2470 {i'nd⁶¹
321 2346 534 2433 ,ἳὲιὲἀοζῖοξ
540 2347 699 2425 1ὴῖὲίἷίἷέιῖ
723 2347 860 2437 ίεῗιζρῗὶζῖ

228 2437 316 2470 imus
334 2435 515 2481 abruptam
536 2436 740 2470 brevitatem
757 2437 860 2471 nostri

199 2485 321 2526 poetae.
375 2484 506 2516 Minoas
531 2493 608 2526 puer
639 2482 683 2515 est
705 2482 860 2516 Glaucus

200 2526 346 2567 Minois,
368 2529 478 2561 Cretae
494 2527 597 2571 regiS,
620 2527 726 2567 filius,
751 2526 805 2561 hic
825 2529 860 2560 in

203 2571 316 2604 mellis
346 2571 480 2605 dolium
499 2571 632 2605 nemine
652 2571 783 2606 conscio
804 2572 861 2606 de·

201 2615 313 2660 lapsus
333 2617 488 2660 perierat.
532 2617 670 2661 Repetit
690 2617 789 2650 illum
802 2629 862 2651 au-

199 2660 306 2707 gurio
323 2660 489 2707 Polyidus
508 2672 621 2706 vates,
653 2662 690 2698 &
708 2672 728 2698 a
742 2662 863 2699 draco-

1419 1470 1563 1513 Donec

861 1591 921 1627 453
943 1582 1015 1617 veri
1033 1584 1109 1618 Ald.
1131 1583 1166 1621 ὅθ’
1184 1584 1283 1618 MSS.
1314 1591 1412 1616 veros
1436 1584 1479 1617 al.

902 1727 944 1749 ne
963 1715 1102 1750 edoCtus
1122 1715 1262 1750 herbam
1288 1726 1483 1762 potentem,
1514 1718 1574 1753 vif

903 1771 971 1794 tam
999 1762 1029 1794 ci
1051 1761 1209 1795 restituit.

947 1815 1014 1848 450
1045 1805 1120 1849 Ipso
1150 1806 1226 1846 die,
1258 1816 1327 1850 quo
1354 1807 1496 1842 Stilicho
1522 1809 1567 1843 ad

904 1850 1009 1895 Alpes
1035 1851 1139 1891 vicit,
1169 1853 1286 1884 Romae
1315 1851 1490 1887 increbuit
1516 1853 1568 1887 fa-

903 1906 958 1929 ma
993 1895 1168 1931 vie‘toriae.
1245 1896 1424 1938 Imitatur,
1470 1909 1568 1943 puto,

906 1944 1008 1986 poeta
1028 1951 1141 1974 vetera
1165 1942 1237 1984 eius
1257 1952 1365 1975 ‹renus
1388 1943 1568 1986 miracula,

907 1986 948 2019 de
968 1985 1110 2019 victoria
1131 1997 1198 2030 qua
1219 1971 1357 2030 Sygbaris
1378 1987 1424 2020 est
1444 1988 1568 2030 deleta,

906 2030 949 2063 ad
969 2031 1108 2074 Sagram
1122 2059 1131 2072 ,
1151 2029 1350 2071 Cimbrica,
1371 2033 1571 2068 Macedoni-

905 2085 966 2116 ca,
989 2085 1064 2118 quae
1083 2076 1208 2120 collegi
1229 2076 1309 2109 olim
1332 2077 1368 2109 in
1379 2078 1569 2113 Chrestom.

904 2121 1059 2153 Pliniana
1077 2120 1119 2153 ad
1140 2132 1172 2154 n.
1187 2131 1221 2154 12
1245 2132 1300 2155 no.
1314 2128 1352 2160 28
1365 2121 1435 2167 sqq.

948 2176 1011 2208 454
1035 2167 1176 2208 Differat
1194 2165 1341 2211 positum
1369 2178 1432 2212 pro
1460 2169 1566 2212 ediffe.

903 2220 975 2252 rat,
1001 2220 1144 2245 enarret.
1278 2236 1281 2240 -

949 2265 1010 2298 455
1035 2256 1088 2288 De
1117 2257 1270 2302 pulveris
1291 2255 1403 2292 fallaci
1432 2258 1567 2294 indicio

903 2300 986 2335 ν.εά
1013 2306 1144 2344 22,398.
1300 2329 1301 2332 η

947 2355 1008 2389 457
1033 2346 1089 2379 Ad
1109 2348 1255 2392 suspenfiz
1277 2347 1424 2392 apposite
1452 2349 1570 2385 admo-

905 2391 991 2425 dum
1026 2394 1186 2426 convenit
1223 2393 1361 2432 librant,
1405 2402 1445 2427 ut
1473 2405 1570 2429 mens

903 2436 1075 2481 concipiat
1101 2437 1284 2482 imaginem
1313 2436 1458 2472 bilancis
1485 2450 1573 2474 non-

904 2482 989 2515 dum
1010 2481 1235 2523 consistentis,
1263 2481 1319 2515 sed
1339 2483 1476 2517 alternis
1495 2496 1571 2518 mo-

905 2528 1029 2560 mentis
1073 2526 1139 2561 huc
1167 2528 1251 2561 illuc
1292 2529 1444 2561 nutantis
1501 2529 1570 2565 Hic

905 2571 1043 2613 vei-sug,
1088 2571 1123 2606 ἃ
1151 2572 1284 2617 aliquot
1311 2571 1487 2618 sequentes
1513 2574 1569 2608 di-

906 2617 980 2651 vini
1009 2616 1104 2658 sunt,
1136 2617 1171 2651 ἅ
1196 2617 1338 2662 optimis
1363 2619 1569 2664 virgilianis

905 2661 1015 2701 nihilo
1033 2660 1221 2697 inferiores.
1494 2675 1495 2678 ¹
