1696 2942
251 136 320 180 636

529 130 619 173 CL.
660 127 1050 172 CLAUDIANI
1084 123 1223 173 XLIV

338 228 547 269 Arcanum
579 227 735 266 radiant
765 226 875 265 oculi
890 226 1019 278 jubar.
1049 227 1197 280 igneus
1232 239 1303 266 ora

281 300 422 353 Cingit
455 300 599 338 honos.
630 298 758 338 rutilo
788 304 1009 351 cognatum
1034 300 1189 338 vertice
1221 297 1328 339 fidus

279 374 445 415 Attollit
475 371 661 412 cristatus
694 386 823 426 apex,
853 371 1117 426 tenebrasque
1147 373 1285 412 serena

170 461 219 488 20
281 448 394 489 Luce
417 448 535 487 secat.

594 447 729 502 Tyrio
753 447 982 501 pinguntur
1015 459 1133 486 crura
1165 460 1339 486 veneno.

277 520 531 561 Antevolant
554 518 774 574 Zephyros
794 532 964 573 pennae,
994 531 1095 572 quas
1125 518 1309 558 caerulus
1334 516 1461 557 ambit

279 592 404 633 Flore
428 591 566 638 color,
593 591 805 646 sparsoque
831 584 953 645 'super
974 591 1135 631 ditescit
1165 591 1206 630 in
1229 603 1340 630 auro.

343 665 422 705 Hic
451 679 585 720 neque
618 672 819 719 concepto
851 663 961 711 fetu,
998 677 1075 704 nec
1101 662 1252 703 semine
1281 661 1436 716 surgit:

293 735 373 777 Sed
390 744 507 792 pater
530 736 586 777 est
607 737 818 791 prolesque
842 734 927 783 fibi,
955 736 1154 791 nulloque
1176 740 1341 776 creante

171 821 216 858 23
287 811 496 851 Emeritos
526 817 638 851 artus
670 809 845 850 fecunda
874 816 1008 850 morte
1042 809 1250 855 reformat,

283 886 338 926 Et
369 887 476 940 petit
502 887 702 926 alternam
729 886 902 926 totidem
932 899 1006 940 per
1032 885 1178 925 funera
1201 886 1341 925 vitam.

335 959 522 1013 Namque
553 959 623 999 ubi
650 958 763 998 mille
794 959 881 999 vias
902 958 1127 1013 longinqua
1153 957 1362 999 retorserit
1391 954 1524 1003 aestas,'

281 1033 365 1077 Tot
397 1037 556 1075 ruerint
589 1035 770 1081 hiemes,
808 1035 932 1075 toties
968 1048 1039 1075 ver
1070 1033 1254 1075 curfibus
1288 1031 1436 1080 actum,

279 1111 392 1158 Quas
416 1111 512 1151 tulit
546 1116 788 1157 autumnus,
816 1110 975 1155 dederit
1004 1111 1228 1151 cultoribus
1249 1108 1438 1149 umbras:

170 1195 216 1229 30

188 1373 228 1406 '9
253 1361 417 1407 crispatus
436 1366 535 1398 MSS.

193 1420 305 1462 Heius.
328 1431 385 1453 ore
413 1421 465 1452 vel
488 1429 563 1452 rore
582 1420 676 1452 color
698 1420 797 1453 MSS.

191 1526 253 1561 sibi
283 1530 378 1561 etia-m
409 1529 477 1570 Bas?
504 1539 607 1571 marg.

192 1593 231 1626 27
256 1583 439 1617 revolverit
462 1583 530 1625 Cuj.
555 1582 710 1627 longaeva
737 1584 813 1617 MS.

287 1181 401 1223 Tum
428 1183 570 1224 multis
601 1183 767 1238 gravior
798 1183 964 1223 tandem
984 1182 1242 1236 subjungitur
1274 1182 1404 1228 annis,

1312 1253 1551 1295 Lustrorum

629 1372 665 1397 21
690 1362 840 1397 circulus
865 1383 896 1390 --
918 1361 1108 1395 Floricolor
1128 1362 1330 1405 conjssarffl.
1372 1361 1524 1405 probante

867 1427 903 1452 22
929 1415 1108 1462 sparsoque
1127 1416 1224 1450 simul
1236 1419 1336 1452 MSS.
1352 1417 1449 1451 eriam
1460 1413 1530 1458 Cuj.

190 1483 228 1515 23
251 1473 448 1517 concipitur
475 1472 557 1514 conj.
593 1473 704 1506 Barth.
749 1482 936 1516 conceptus
965 1472 1046 1514 conj.
1072 1474 1185 1515 Heius:

742 1537 781 1567 25
816 1527 951 1561 resolvit
987 1527 1056 1569 Cuj.

1296 1481 1335 1514 24
1367 1470 1416 1504 sui
1439 1472 1530 1514 vulg.

1189 1527 1232 1561 26
1267 1537 1426 1561 aeternam
1459 1527 1530 1570 Cuj.

906 1588 945 1622 28
970 1591 1021 1616 tot
1040 1581 1182 1622 &fuerint
1204 1585 1296 1627 vulg.
1329 1583 1529 1624 torruerint,

191 1639 395 1678 corruerint,
419 1637 614 1672 horruerint
625 1640 725 1673 MSS.
750 1648 802 1673 tot
815 1649 904 1672 ruer.
928 1640 1005 1673 Ala.
1017 1641 1117 1674 MSS.
1141 1638 1285 1672 totidem
1303 1640 1397 1672 malit
1415 1638 1529 1681 Heius.

296 1704 340 1739 29
365 1692 486 1729 herbas
507 1695 578 1738 Cuj.

216 1828 251 1861 18
277 1822 550 1867 Sidus-cognatum
563 1820 647 1861 Soli,
673 1820 834 1866 splendo-

175 1879 246 1900 rem
259 1867 364 1911 capiti
386 1866 638 1900 circumdatum
660 1865 833 1907 describit,

171 1923 275 1957 quem
300 1910 462 1945 exhibent
481 1911 615 1945 nummi
627 1913 667 1945 V.
682 1913 726 1945 G.
738 1911 833 1955 apud

173 1957 423 2001 Spanhemium
442 1957 464 1989 1.
485 1968 514 1989 c.
535 1969 567 1999 p.
579 1961 640 1998 287
685 1967 764 1990 cum
791 1957 835 1989 ti-

171 2002 248 2036 tulo
267 2028 276 2040 ,
300 2003 465 2035 FELIX
488 2003 744 2036 TEMPorum
768 2002 836 2035 RE

173 2049 198 2081 P
213 2048 244 2080 A
255 2049 286 2079 R
297 2047 328 2079 A
341 2048 371 2079 T
382 2048 395 2078 1
407 2048 449 2080 O.

217 2102 262 2127 20
293 2094 458 2124 Venenum
484 2093 615 2133 Tyrium
639 2090 833 2124 imitatione

169 2136 370 2182 virgiliana
390 2134 431 2168 de
450 2146 616 2180 purpura.
661 2137 791 2180 Georg.
803 2146 833 2176 2,

171 2184 239 2226 465
273 2183 354 2215 Alba
372 2192 428 2214 nec
454 2183 575 2223 Affsyrio
596 2183 732 2223 fitentur
761 2183 835 2214 lana

174 2239 305 2262 veneno.
351 2226 407 2259 Sic
423 2229 584 2259 Venenato
607 2225 833 2269 operiturFla-

176 2273 306 2307 minica
333 2270 449 2304 Dialis
485 2270 578 2315 apud
606 2271 695 2304 Gell.
727 2281 777 2310 10,
801 2279 834 2309 ις

175 2318 200 2353 i.
221 2316 309 2350 veste
329 2315 434 2350 cineta
455 2326 624 2361 purpura,
647 2315 702 2348 vel
721 2315 835 2348 colore

174 2364 254 2397 alio.
301 2364 385 2395 Haec
421 2372 500 2395 cum
538 2360 585 2394 ita
612 2359 641 2394 se
675 2359 834 2400 habeant,

175 2418 290 2441 tamen
313 2415 420 2452 puto,
443 2417 513 2440 non
536 2405 718 2439 convenire
740 2404 838 2450 pedi,-

177 2451 242 2486 bus
263 2451 430 2486 Phoenicis
454 2463 611 2485 venenum
643 2449 674 2484 h.
694 2462 722 2484 e.
750 2451 836 2493 φάρ-

177 2512 282 2542 μακον
294 2523 304 2537 ‚
327 2495 506 2530 materiam
525 2506 602 2540 quae
619 2495 692 2528 vim
712 2493 837 2529 habeat

177 2542 386 2577 immutandi
415 2551 572 2575 naturam
609 2540 657 2574 rei
685 2540 743 2574 cui
776 2550 835 2586 ap·

178 2589 342 2633 plicatur.

174 2642 200 2655 ··
221 2643 258 2668 22
284 2635 356 2667 Flos
379 2632 415 2665 in
441 2631 555 2665 colore
587 2630 755 2676 fignificat
785 2631 839 2665 vi-

178 2680 301 2713 vidum
334 2677 435 2711 illum
462 2676 697 2722 splendorem,
733 2687 837 2721 quem

669 1704 714 1737 30
736 1692 939 1729 subducitur
957 1696 1033 1729 MS.
1056 1695 1139 1739 quod
1155 1696 1260 1740 placet
1275 1695 1416 1736 Heinfio.

889 1832 943 1855 ars
961 1821 1020 1854 vix
1043 1820 1207 1854 imitatur.
1252 1819 1287 1853 Si
1308 1817 1451 1854 dedisset
1469 1821 1552 1864 poe'-

889 1875 923 1899 ta
951 1869 1041 1900 Flore
1065 1868 1141 1909 suo,
1184 1876 1284 1899 nemo
1325 1864 1381 1898 hic
1412 1864 1550 1899 haesiffet

888 1911 1011 1951 credo,
1035 1909 1163 1943 nedum
1179 1909 1347 1944 Barthius.
1394 1910 1460 1944 Sed
1471 1920 1550 1955 pot-

889 1956 936 1989 est
956 1965 1070 1989 tamen
1092 1955 1250 1989 intellitri.

935 2001 977 2036 26
1002 2004 1141 2036 Auerna
1180 1985 1226 2034 ef}
1253 2002 1322 2034 vita
1337 2028 1345 2041 ‚
1378 2011 1453 2044 quae
1477 1999 1548 2045 ipsa

891 2056 1001 2081 morte
1019 2043 1229 2079 restituitur:
1255 2048 1385 2079 totidem
1399 2046 1455 2080 hic
1473 2046 1551 2079 sunt

890 2092 968 2125 vitae
997 2099 1082 2136 quot
1110 2089 1254 2131 funera,
1293 2091 1373 2135 quia
1397 2101 1436 2124 ex
1460 2102 1551 2125 uno·

889 2147 1028 2182 quoque
1047 2135 1166 2169 funere
1185 2148 1273 2170 nova
1284 2137 1355 2170 vita
1366 2135 1527 2169 nascitur.
1552 2148 1556 2151 “

937 2191 976 2224 27
1000 2184 1172 2224 Retorquet
1198 2183 1284 2222 aestas
1309 2183 1380 2214 vias
1398 2181 1492 2214 suas:
1525 2191 1546 2214 a

888 2226 1041 2270 Tropico
1066 2227 1191 2259 Cancri
1219 2226 1306 2259 redit
1339 2226 1397 2259 Sol
1429 2224 1544 2259 versus

890 2271 1262 2314 alterumCapricorni.
1311 2274 1374 2303 Ver
1391 2272 1492 2304 aft'um
1510 2270 1548 2303 δε

891 2314 1245 2355 incitatumgcurfibus
1265 2315 1344 2355 suis,
1362 2315 1442 2348 dare
1464 2315 1547 2348 solet

888 2361 1047 2395 ruricolis
1080 2362 1226 2400 umbras,
1267 2359 1350 2395 folia
1371 2359 1547 2400 arborum,

893 2417 977 2450 quas
998 2415 1168 2439 autumnus
1190 2404 1340 2439 abstulit.
1385 2405 1486 2438 Mille
1506 2404 1549 2438 il-

891 2452 943 2485 los
964 2461 1070 2484 annos
1090 2462 1150 2495 per
1167 2461 1284 2484 omnes
1303 2459 1450 2495 quatuor
1462 2459 1548 2484 tem-

892 2495 1034 2541 pestates
1055 2493 1226 2529 describit.

938 2551 980 2583 30
1004 2541 1225 2584 subjungitur,
1237 2540 1388 2574 vincitur
1400 2540 1435 2574 &
1454 2539 1548 2584 quast

892 2585 954 2620 sub
970 2586 1095 2630 jugum
1120 2586 1280 2619 mittitur.
1303 2586 1401 2630 Virg.
1412 2586 1500 2619 Aen.
1513 2590 1546 2626 8,

893 2641 958 2672 502
1005 2632 1105 2664 Nulli
1133 2632 1192 2673 fas
1218 2634 1299 2666 Italo
1324 2640 1450 2665 tantum
1469 2631 1548 2675 fiab-

884 2678 1021 2722 jungere
1046 2685 1183 2720 gentem.
