1696 2942
405 78 685 134 'LAUDES
738 86 1078 137 HERCULIS

1316 100 1387 141 7¹7

208 190 374 234 Nudum
401 169 638 243 praegelidis
666 187 848 228 durando
890 185 1027 227 firmat
1057 186 1101 226 in
1128 184 1263 226 undis.

204 263 341 319 thue
365 262 477 303 rudis
495 263 628 317 primo
656 261 816 303 tentasti
846 262 992 304 robore
1025 258 1192 315 grefl'us‚

205 339 240 381 F
243 337 423 380 rondosae
444 338 598 379 deserta
623 350 750 393 vagus
778 337 1000 392 penetralia
1027 335 1135 377 filvae

202 411 354 454 Secura
378 413 463 467 jam
494 420 623 453 matre
657 414 784 467 petis,
823 411 994 466 telisque
1024 408 1248 470 tremenQis

200 487 353 536 Ludis,
390 487 432 530 &
464 488 653 529 aetherias
683 485 854 528 addufilo
884 487 1025 540 dejicis
1055 499 1164 532 arcu,

201 565 288 605 Aut
309 563 434 604 funda
461 565 662 605 violenter
692 576 811 610 aves,
840 561 1086 616 noffilemque
1110 561 1178 602 sub
1199 561 1313 603 astris

201 638 371 694 Exigis,
401 639 443 681 &
475 653 616 694 puram
636 637 775 680 fraffis
804 638 910 678 bibis
939 637 1124 677 amnibus
1154 638 1316 678 undam.

96 723 142 765 73
265 714 491 754 Immanem
517 715 674 755 interea
693 712 870 755 Nemeae
891 724 966 766 per
993 710 1114 751 lustra
1139 710 1304 751 leonem

204 788 292 843 Ipsa
325 788 564 830 Chimaeraea
597 794 754 829 cretum
783 787 834 827 de
863 792 987 841 gente
1018 797 1198 826 noverca

205 861 255 903 In
283 869 352 903 tua
380 861 552 915 depastis
584 859 762 901 armabat
787 865 882 899 vota
903 858 1110 912 juvencis,

210 937 478 992 Augebatque
516 935 606 977 fero
639 937 780 983 vires,
811 935 1045 989 rabiemque
1074 932 1255 987 juvabat,

209 1009 408 1051 Naturam
438 1009 573 1048 minus
602 1005 683 1048 ess'e
709 1013 868 1061 putans.
907 1006 990 1046 heu
1019 1010 1173 1059 quanta*
1200 1002 1383 1044 virorum

101 1088 149 1129 80
216 1082 403 1125 Funera!
442 1096 563 1138 quam
593 1082 746 1123 multos
772 1079 911 1122 stravit
943 1093 1037 1122 cum
1063 1077 1253 1119 dentibus
1272 1074 1416 1130 apros!

203 1157 300 1200 Non
340 1157 458 1199 illurn
498 1170 657 1212 magnae
690 1157 864 1198 viduatis
895 1155 1102 1196 moenibus
1132 1153 1255 1194 urbes

207 1228 430 1270 Armorum
461 1228 624 1282 fregere
645 1228 789 1276 minis,
814 1227 1016 1282 Martique
1047 1223 1249 1267 domando

207 1302 397 1345 Assuetas
423 1303 558 1344 morsu
588 1302 696 1344 fudit
720 1302 908 1357 graviore
942 1308 1140 1342 catervas.

209 1377 328 1419 Hunc
349 1379 486 1432 gravis
508 1376 911 1433 Eurystheus(nam,
936 1383 978 1416 te
998 1386 1256 1430 quocumque
1274 1372 1446 1420 levares‘,

97 1458 139 1504 85
205 1453 429 1507 Imperium
449 1454 539 1494 duri
563 1446 702 1494 ‘voluit
729 1451 896 1493 sufferre
923 1451 1113 1506 tyranni,

210 1526 278 1569 Sic
309 1529 461 1570 mundo
486 1528 651 1570 fortuna
676 1527 853 1580 favens)
893 1526 1002 1567 hunc
1038 1525 1216 1567 sternere
1238 1525 1324 1571 leto

210 1600 402 1656 Imperat.
456 1601 515 1644 At
537 1601 696 1642 nullum
716 1602 846 1642 virtus
876 1598 1084 1640 reticenda
1110 1610 1185 1653 per
1215 1610 1365 1644 aevum‚

141 1754 185 1788 74
207 1743 350 1779 crudam
377 1743 459 1787 conj.
480 1744 596 1788 Heius.

1257 1654 1474 1708 Dignaque

684 1751 724 1786 77
746 1743 825 1787 quid
839 1745 868 1785 fi
886 1744 926 1776 In
947 1741 1033 1776 sua?
1054 1743 1107 1775 vel
1126 1743 1166 1774 In
1193 1750 1252 1775 tua
1277 1762 1306 1769 --
1330 1739 1429 1775 fata?

144 1806 192 1840 80
238 1797 355 1833 stravit
399 1798 606 1833 sementibus
647 1802 701 1834 vel
759 1798 944 1833 constravit
983 1797 1144 1832 messibus
1189 1798 1272 1842 conj.
1315 1800 1432 1845 Heinfi

533 1858 568 1892 8¹
593 1853 771 1889 montibus
802 1862 875 1887 ante
899 1855 1026 1887 Claver.

148 1976 190 2012 74
216 1969 320 2002 Praeti
340 1977 454 2001 amnes
483 1967 528 2002 ob
547 1967 702 2012 glaciem,
721 1967 762 2001 de

102 2024 171 2059 qua
190 2013 293 2047 modo
323 2013 465 2047 diuum.

151 2064 197 2098 80
220 2061 282 2092 Leo
300 2058 335 2092 &
360 2068 434 2101 aper
451 2068 513 2102 par
540 2056 768 2102 compositum-

104 2104 208 2137 etiam
236 2102 335 2147 supra
358 2114 394 2136 n.
416 2112 464 2145 53.
511 2103 579 2136 Hic
608 2105 673 2136 Leo
691 2104 761 2136 Ne-

104 2159 229 2183 meaeus
249 2147 364 2181 stravit
383 2159 481 2193 apros
502 2158 571 2181 una
597 2159 667 2181 cum
686 2149 763 2182 den-

103 2195 188 2228 tibus
222 2193 393 2238 ipsorum,
426 2191 555 2237 quibus
581 2193 665 2228 alias
686 2192 762 2226 sunt

105 2240 210 2274 etiam
229 2237 399 2273 Leonibus
428 2237 608 2272 terribiles.

153 2290 187 2323 81
211 2283 366 2317 Universi
396 2283 537 2317 urbium
565 2283 683 2318 incolae
711 2294 763 2317 re·

108 2328 199 2364 liffls
233 2327 405 2363 moenibus
435 2329 473 2363 in
508 2328 763 2373 expeditionem

108 2374 200 2407 ivere
219 2374 438 2409 &venatum.
482 2377 622 2408 Martem
638 2375 763 2408 domare

108 2418 165 2453 hic
185 2419 231 2453 est
252 2430 368 2464 pugna
394 2420 429 2454 &
449 2419 552 2452 armis
573 2419 718 2453 vincere.

156 2470 198 2506 84
220 2465 472 2509 Quamcunque
494 2464 560 2498 alte
571 2464 764 2499 ascenderes

133 2508 220 2542 loria
248 2511 284 2544 δι
313 2508 413 2543 rebus
436 2509 616 2555 gerendis,
648 2519 763 2543 tamen

125 2553 211 2587 atale
239 2563 329 2596 erat,
368 2564 400 2588 te
419 2553 606 2599 Eurystheo
635 2565 764 2599 parere.

109 2599 186 2632 Hoc
204 2609 285 2633 vero
306 2598 414 2644 ipsum
439 2599 584 2633 salutare
613 2599 681 2633 fuit
703 2609 762 2632 ‹re-

108 2644 182 2677 neri
198 2642 367 2686 humano,
407 2644 503 2690 quod
529 2644 572 2680 fic
591 2627 765 2680 liberassa-

818 1975 876 1999 tur
903 1962 1072 1999 monstris.
1102 1963 1157 1999 cf.
1178 1964 1234 2007 36,
1255 1972 1328 2009 378.
1382 1965 1474 2001 mud

818 2010 927 2044 fatum
946 2021 1007 2044 nos
1036 2010 1136 2044 docet
1155 2011 1319 2055 Apollod.
1340 2021 1371 2052 2,
1391 2023 1422 2055 4.
1443 2021 1476 2054 5,

818 2056 983 2100 itemque,
1005 2054 1059 2088 sed
1080 2066 1149 2089 non
1161 2055 1225 2089 fine
1237 2056 1477 2101 interpolatio-

819 2112 882 2143 ne,
923 2102 1067 2134 Tzetzes
1091 2101 1135 2134 ad
1170 2101 1304 2135 Hefiod.
1332 2103 1477 2136 Scutum

819 2147 986 2189 Herc.91.
1029 2146 1202 2188 Breviter,
1224 2147 1396 2189 juraverat
1415 2149 1478 2191 Ju-

817 2192 907 2236 piter
925 2201 1076 2236 praeceps
1089 2218 1099 2232 ‚
1121 2192 1185 2234 (ut
1202 2191 1277 2225 sunt
1298 2192 1332 2225 in
1352 2193 1412 2226 tali
1441 2204 1478 2227 re

817 2239 939 2281 reges)
973 2237 1033 2280 qui
1063 2236 1104 2270 de
1131 2236 1236 2271 Persei
1258 2236 1359 2282 stirpe
1384 2248 1478 2272 certo

818 2282 874 2316 die
897 2281 1105 2322 nasceretur,
1127 2282 1228 2315 illum
1247 2283 1479 2327 Mycenisim-

818 2338 1028 2372 perannum.
1073 2327 1226 2361 Gravida
1256 2337 1326 2360 erat
1355 2327 1476 2361 eodem

826 2382 891 2406 tem
921 2383 978 2406 ore
1005 2382 1092 2406 uxor
1111 2371 1282 2412 Stheneli,
1316 2373 1375 2416 qui
1398 2374 1478 2406 Per-

818 2417 859 2452 sei
919 2418 987 2451 lius
1019 2426 1089 2450 erat
1116 2428 1184 2450 non
1222 2417 1339 2450 minus
1374 2428 1479 2461 quam

818 2464 993 2497 Alcmenae
1030 2471 1125 2506 pater
1153 2462 1354 2505 EleElryon,
1384 2464 1478 2506 Juno

819 2508 965 2553 impedit
985 2506 1177 2551 legitimum
1198 2515 1331 2550 partum
1346 2508 1480 2541 Hercu-

817 2554 871 2594 lis,
895 2553 938 2586 de
957 2563 1025 2595 quo
1044 2563 1076 2585 v.
1087 2562 1137 2592 23,
1171 2549 1362 2594 praecipitat
1389 2553 1478 2586 nati·

818 2599 959 2633 vitatem
968 2593 1370 2641 septimestrisEurysthei
1382 2597 1452 2636 ἃς.
