1696 2942
297 109 374 146 494

208 209 260 244 50

554 92 640 135 CL.
687 91 1071 135 CLAUDIANI
1126 89 1271 135 XXIX

378 191 488 241 Quid
508 183 678 245 dignum
699 203 926 230 memorare
947 191 1044 237 tuis,
1073 190 1275 245 Hispania,
1293 189 1416 230 terris

325 265 424 309 Vox
449 266 625 321 humana
648 262 788 302 valet?
827 264 960 316 primo
981 265 1091 304 levat
1114 277 1281 318 aequore
1303 262 1443 304 Solem

325 340 465 381 India:
504 346 550 377 tu
579 334 700 376 fefl'os
725 335 866 376 exafm
887 337 982 377 luce
1003 338 1166 391 jugales

330 415 493 456 Proluis
505 441 516 460 ‚
546 414 669 466 inque
690 422 763 452 tuo
785 411 982 465 respirant
1003 410 1126 453 fidei-a
1146 412 1289 454 fluum.

327 487 456 528 Dives
488 486 627 540 equis,
654 484 822 539 frugum
853 483 1008 531 facilis,
1036 485 1211 538 pretiosa
1241 486 1433 534 metallis,

217 573 256 611 53
321 560 580 613 Principibus
608 558 781 599 fecunda
813 559 907 612 piis,
935 558 1012 598 tibi
1039 558 1186 598 saecula
1220 559 1373 600 debent:

330 634 574 687 Trajanum:
603 632 725 672 series
756 631 822 672 his
847 632 1031 672 fontibus
1054 632 1173 673 Aelia
1195 631 1333 672 fluxit.

331 710 438 753 Hinc
471 710 604 749 senior
628 721 770 763 pater3
802 707 899 749 hinc
919 708 1115 761 juvenum
1138 708 1366 748 diademata
1384 707 1568 749 fratrum.

332 774 519 837 Namque
547 781 638 821 aliae
667 787 837 834 gentes,
866 793 966 834 quas
1003 779 1141 819 federe
1162 780 1292 820 Roma
1321 781 1490 835 recepit,

329 857 418 899 Aut
443 857 566 896 armis
587 855 767 902 domuit,
796 856 930 896 varios
954 861 1143 909 aptantur
1171 855 1215 894 in
1235 854 1331 895 usus

224 936 274 972 60
341 931 535 985 Imperii:
565 930 723 970 Phariae
746 929 926 983 segetes,
953 928 996 970 δι
1017 929 1168 969 Punica
1189 927 1325 970 meffis

331 1006 561 1048 Castrorum
582 1006 730 1045 devota
753 1005 870 1045 cibo:
908 1006 977 1047 dat
1005 1003 1136 1045 Gallia
1167 1005 1291 1045 robur

328 1079 501 1120 Militis:
541 1078 722 1132 Illyricis
748 1077 891 1117 sudant
922 1078 1169 1131 equitatibus
1204 1077 1295 1116 alae.

331 1150 426 1192 Sola
470 1164 626 1192 novum
663 1150 792 1191 Latiis
832 1148 1010 1204 vestigal
1033 1149 1168 1191 Iberia
1195 1149 1321 1190 rebus

1400 1218 1600 1265 Contulit,

269 1340 302 1372 51
329 1330 483 1376 primum
510 1331 602 1363 malit
621 1330 733 1373 Heius.
755 1327 847 1363 lavat
871 1330 963 1372 vulg.
996 1328 1056 1361 Sed
1075 1326 1173 1361 levat
1188 1326 1258 1368 jam
1284 1327 1376 1360 Vien.
1396 1337 1497 1369 marg.
1523 1323 1558 1360 u?

523 1389 593 1432 Bas.
613 1399 714 1431 marg.

856 1396 892 1427 53
918 1396 996 1419 tuos
1017 1406 1030 1412 -
1049 1384 1172 1419 fluxius
1203 1384 1302 1420 MSS.

675 1441 719 1476 62
742 1441 888 1487 Illyricae
916 1439 997 1482 conj.
1028 1440 1142 1483 Heinsl

273 1577 317 1609 50
341 1566 417 1601 Post
440 1569 574 1612 generis
603 1567 742 1601 laudem
772 1566 889 1602 transit

227 1613 268 1646 ad
292 1614 451 1657 patriam„
476 1614 509 1647 8(
532 1614 583 1647 liic
597 1614 720 1655 etiam,
744 1623 782 1647 ut
794 1613 888 1655 solet,

224 1659 365 1693 modum
397 1658 542 1692 excedit.

271 1734 303 1764 51
343 1725 501 1758 Solemne
528 1725 642 1768 poetis
663 1723 774 1758 Solem
798 1735 886 1758 mer-

225 1780 304 1814 gere
323 1772 459 1802 Oceano
479 1768 686 1802 occidentali
711 1770 799 1802 circa
820 1770 885 1802 Hi-

223 1815 396 1859 spaniam,
422 1814 456 1848 &
482 1814 602 1848 Indico
624 1814 688 1847 sive
710 1815 880 1848 Orientali

224 1859 379 1894 educere.
422 1859 508 1892 Vid.
529 1865 574 1899 18,
597 1869 668 1902 353.
715 1860 810 1892 Dant
831 1859 883 1893 illi

224 1916 346 1949 nempe
374 1915 481 1948 equos
495 1932 504 1945 ,
537 1916 624 1948 quos
645 1916 662 1937 a
682 1902 884 1949 fatigatione

224 1950 261 1984 &
280 1949 400 1983 sudore
423 1960 545 1983 curant
565 1948 738 1983 abluendo
763 1952 884 1995 poetae,

224 2004 264 2028 ut
287 1993 428 2028 nostros.

269 2070 310 2103 54
334 2063 442 2104 Equus
461 2060 643 2104 antiquum
655 2060 829 2105 Hispaniae
849 2060 884 2094 in

227 2107 381 2140 nummis
400 2103 592 2151 symbolum
605 2132 615 2145 ,
640 2106 681 2138 ad
703 2117 884 2150 equorum,

227 2151 451 2202 quos'gignit
470 2151 733 2184 multitudinem
755 2151 790 2184 δι
803 2162 885 2194 prae-

228 2196 385 2230 stantiam
420 2195 574 2228 refertur.
620 2197 764 2240 Propter
791 2194 886 2228 ferti-

226 2242 358 2276 litatem
383 2251 491 2279 oerrae,
515 2240 779 2274 &metallorum
793 2240 883 2274 divi-

230 2288 294 2320 tias
305 2286 388 2319 olim
400 2284 500 2318 fuiss'e
512 2283 663 2331 nobilem
685 2286 790 2329 idque
808 2296 884 2318 mu-

226 2341 350 2370 tatum,
378 2331 413 2364 ἃ
426 2328 553 2374 quibus
567 2330 790 2364 rationibus?
813 2341 882 2364 non

225 2377 394 2417 difficilis,
432 2375 487 2409 sed
517 2375 656 2420 longior
683 2379 728 2408 eit
767 2374 883 2420 dispu-

226 2431 324 2456 tatio.

276 2467 318 2506 56
346 2468 447 2501 Series
466 2467 578 2507 Aelia,
602 2464 822 2507 Hadrianus,
846 2465 882 2499 δε

225 2513 284 2557 qui
306 2510 348 2545 ab
369 2523 407 2545 eo
435 2522 561 2544 nomen
582 2523 642 2555 per
662 2511 881 2555 adoptionem

224 2559 361 2592 duxere.
415 2558 527 2590 Senior
562 2566 654 2600 pater
671 2555 881 2589 Theodosius

223 2602 292 2643 estg
342 2603 475 2644 juvenes
527 2603 649 2642 fratres
707 2599 879 2634 Arcadius

224 2648 260 2682 ἃ
279 2649 467 2682 Honorius.
512 2647 611 2683 Dicit
637 2647 793 2692 juvenum
810 2647 880 2681 dia-

944 1567 1067 1600 demam
1092 1564 1132 1598 ad
1166 1564 1347 1608 signandos
1373 1565 1513 1608 iuvenes
1528 1563 1600 1598 dia-

944 1611 1078 1644 demate
1108 1611 1202 1654 regio
1223 1620 1372 1644 ornatos.

988 1662 1029 1695 58
1061 1658 1181 1691 Gentes
1210 1664 1326 1697 vocat,
1369 1654 1422 1688 sed
1452 1653 1600 1688 maxime

942 1702 1123 1745 regionum
1147 1699 1292 1744 ipsarum
1312 1711 1451 1733 munera
1473 1699 1603 1733 intelli-

941 1757 1019 1790 gere
1040 1748 1176 1790 poetam
1190 1773 1198 1786 ,
1221 1754 1371 1789 apparet.

986 1791 1024 1825 61
1066 1793 1194 1824 Devom
1218 1790 1357 1823 videtur
1385 1788 1527 1831 dixisse,
1558 1797 1600 1822 ut

942 1835 1023 1869 inde
1061 1846 1188 1868 numen
1230 1834 1370 1878 aliquod
1415 1835 1449 1869 &
1479 1835 1601 1868 divina

943 1880 1096 1923 majestas
1115 1881 1252 1923 Imperii
1284 1882 1344 1914 Ro.
1374 1880 1601 1923 intellig-atur.

943 1927 1019 1959 Deo
1051 1925 1139 1958 enim
1170 1926 1309 1970 proprie
1349 1927 1498 1959 devo-veri
1537 1925 1599 1958 ali·

943 1971 1028 2014 quid
1050 1970 1189 2003 dicitur.

988 2016 1030 2050 62
1069 2018 1166 2049 Miles
1205 2015 1348 2059 antiqua
1387 2015 1518 2049 ratione
1555 2015 1600 2049 ab

943 2061 1058 2104 equite
1078 2059 1316 2105 distinguitur.
1360 2063 1497 2103 Illyricae
1517 2072 1600 2104 gen-

942 2115 991 2139 tes
1046 2105 1158 2139 adhuc
1202 2105 1388 2148 equestrem
1435 2106 1597 2140 militiam

941 2160 1075 2184 amant:
1107 2149 1188 2183 inde
1219 2150 1277 2183 illa
1307 2150 1529 2191 Husarorum,
1557 2160 1599 2185 ut

940 2195 1042 2229 hodie
1062 2205 1247 2234 vocantur,
1280 2195 1467 2239 disciplina.
1491 2198 1599 2229 Nem-

939 2252 980 2285 pe
999 2241 1175 2284 loquimur
1194 2240 1236 2273 de
1255 2239 1406 2284 Illyrico,
1429 2250 1599 2284 qiu-ntum

939 2294 1011 2318 erat
1040 2285 1224 2319 Claudiani
1258 2295 1375 2325 aetate,
1409 2287 1451 2319 ad
1477 2288 1598 2319 Danu-

939 2328 1037 2363 bium
1058 2341 1168 2374 usque
1187 2341 1205 2362 a
1228 2330 1298 2362 slnu
1325 2330 1405 2364 inde
1420 2331 1598 2365 Hadriati-

937 2387 977 2409 co
997 2384 1125 2418 patenS.
1173 2375 1252 2408 vid.
1266 2373 1306 2408 ad
1328 2385 1358 2417 7,
1377 2386 1447 2410 201.
1481 2376 1597 2411 Verbo

932 2422 1054 2464 sudant
1079 2419 1305 2460 celeritatem,
1338 2421 1461 2462 credo,
1490 2433 1597 2465 equo-

938 2476 1015 2498 rum
1046 2466 1158 2498 voluit
1182 2475 1310 2499 notare.
1357 2468 1441 2500 Hor.
1461 2467 1539 2500 Car.
1568 2477 1595 2509 1,

937 2520 1018 2550 259
1056 2509 1144 2543 Eheu
1163 2520 1300 2553 quantus
1318 2513 1424 2554 equis,
1456 2521 1595 2556 quantur

935 2555 1017 2596 adest
1042 2557 1124 2588 viris
1143 2557 1264 2598 fitdor!
1305 2559 1384 2590 Altis
1409 2555 1472 2590 effe
1500 2557 1597 2600 equi-

936 2609 1031 2641 tum,
1065 2609 1104 2632 ut
1133 2601 1285 2634 militum
1312 2603 1473 2644 cohortes,
1506 2601 1593 2636 bene

932 2648 1036 2691 poeta
1063 2646 1274 2681 meminerat.
