1696 2942
442 140 528 183 DE
583 136 797 182 BELLO
853 135 1108 181 GETICO

1339 148 1416 187 405

223 239 387 287 Matris,
417 237 460 281 &
482 239 526 278 in
547 237 729 292 segetem
749 236 969 278 crescentis
999 235 1153 276 semina
1178 233 1278 275 belli
1292 247 1306 276 ε

223 315 299 358 Nil
330 315 440 355 veris
465 313 621 368 aequale
646 314 810 354 dabunt.

866 311 1089 352 Prohibere
1118 322 1284 364 rapaces

223 386 393 429 Scilicet
408 387 614 442 Harpyias
630 416 641 435 ,
671 399 833 441 unaque
866 386 1088 427 excludere
1116 382 1252 424 mensa

226 449 421 508 Nobilior
440 462 608 509 titulus,
647 475 767 516 quam
795 467 858 502 tot
886 458 1059 514 potuisse
1088 465 1250 513 paratas

82 535 158 584 .30

228 535 280 577 In
300 535 408 575 Latii
427 535 608 589 praedarn
629 532 794 575 Geticas
816 540 1003 573 avertere
1022 530 1195 572 fauces?

280 607 404 649 Anne
438 621 518 662 ego
542 607 771 660 terrigenas
801 605 940 659 potius
970 604 1148 644 mirabor
1178 603 1222 643 in
1248 598 1343 658 ipfis

222 679 481 722 Procubuifl'e
499 680 615 727 satis,
645 679 742 719 vitae
770 677 915 732 quibus
947 677 1084 718 attulit
1114 677 1224 717 idem

225 756 478 811 Principium
505 753 714 808 finemque
746 753 857 795 dies3
885 765 1006 806 quam
1035 751 1136 791 caesa
1156 750 1358 792 Getarum

228 830 431 884 Agmina,
478 839 581 881 quos
612 827 736 866 tantis
768 825 870 865 aluit
898 825 1068 866 Bellona
1096 824 1283 878 tropaeis,

107 916 149 955 33

219 903 410 956 Totaque
440 900 509 941 sub
533 899 661 954 galeis
690 899 893 939 Mavortia
924 899 1062 939 canuit
1091 896 1226 952 aetas?

278 976 355 1016 Per
374 983 416 1016 te
433 987 761 1029 namqueunurn
786 974 932 1013 mediis
969 979 1093 1013 exuta
1110 970 1295 1012 tenebris

224 1050 407 1104 Imperio
435 1049 503 1090 sua
530 1048 663 1088 forma
693 1047 819 1094 redit,
856 1045 1112 1100 claustrisque
1139 1044 1282 1085 solutae

222 1125 425 1168 Tristibus
460 1124 685 1179 exsangues
715 1124 865 1164 audent
898 1123 1122 1177 procedere
1151 1120 1282 1176 leges.

113 1329 156 1368 26
181 1330 260 1374 quid
289 1331 318 1371 fi
338 1326 549 1362 crescentia?

639 1337 670 1369 31
691 1338 733 1360 an
746 1337 810 1372 ego
827 1328 920 1371 vulg.

833 1210 867 1254 C
891 1225 913 1253 c
941 1224 960 1259 3
1329 1207 1500 1264 Jamque

1011 1325 1051 1367 36
1073 1335 1132 1370 pro
1151 1334 1272 1365 vnum,
1289 1322 1406 1356 virum
1423 1321 1499 1356 MS.

243 1393 327 1425 unde
347 1391 474 1424 iterum
496 1390 578 1433 conj.
605 1391 719 1434 Heius?
754 1388 864 1440 excita
885 1389 987 1423 MSS.
1021 1388 1104 1431 quod
1122 1388 1229 1431 placet
1246 1386 1363 1428 Heius:

113 1503 167 1539 bis
187 1505 221 1538 ἃ
240 1502 412 1538 viridibus
425 1501 602 1549 prosiliisse
624 1503 664 1536 de
682 1501 786 1535 sulcis

115 1551 248 1595 galeata
275 1550 410 1591 capita,
454 1549 488 1582 ἃ,
522 1549 655 1592 reliqua
688 1547 787 1580 dein-

113 1607 194 1640 ceps
225 1594 377 1627 membra
404 1603 625 1627 armatorum.
681 1591 786 1636 Qod

110 1643 201 1685 fetas
229 1642 369 1680 Martis,
405 1639 468 1672 hoc
495 1638 540 1671 est
562 1648 786 1677 armatorum,

118 1687 248 1720 novales
280 1684 386 1724 dicit,
429 1683 629 1728 metaphora
669 1682 714 1716 est
742 1682 785 1715 ab

119 1728 357 1764 animantibus
376 1729 500 1763 tra6’m:
537 1730 609 1771 feta
630 1729 722 1762 enim
742 1726 787 1760 est

116 1788 194 1821 quae
225 1776 369 1821 peperit.
414 1776 577 1808 Ceterum
604 1772 706 1807 facile
735 1773 790 1805 vi-

118 1822 205 1862 deo,
238 1832 299 1865 per
330 1820 537 1864 hypallagen
581 1819 662 1864 poni
696 1816 788 1863 poffe

117 1868 233 1901 bellum
261 1866 283 1900 i.
310 1864 401 1899 bello
429 1863 654 1899 concursuros
683 1874 792 1896 arma-

119 1918 175 1946 tos
194 1914 324 1955 crescere
352 1913 386 1943 in
398 1913 558 1954 figerem:
583 1909 720 1943 facilius
740 1918 791 1941 ta-

121 1968 200 1991 men
218 1957 253 1990 &
273 1956 463 1989 naturalius
491 1953 555 1988 esse
577 1955 727 1995 videtur,
741 1957 792 1997 se-

121 2004 211 2038 mina
240 2003 312 2035 belli
339 2003 470 2044 crescere
496 2002 532 2033 in
547 2003 706 2044 segetem,
737 2011 792 2031 ve-

119 2049 197 2083 nire
216 2047 257 2079 ad
287 2046 530 2084 maturitatem,
551 2045 656 2078 verbo
671 2044 795 2077 vellem

120 2093 159 2126 in
210 2091 312 2126 bonis
357 2091 458 2125 libris
499 2089 580 2124 efl'et
627 2091 797 2134 crestentia

112 2140 249 2185 scmma.

168 2214 212 2247 27
245 2204 344 2238 Nihil
373 2202 476 2236 etiam
511 2200 715 2235 mentientes
756 2199 799 2234 de

123 2249 341 2295 Argonautis
355 2251 473 2293 poetae
487 2247 650 2292 fingendo
662 2245 799 2280 dabunt

124 2297 177 2331 ita
207 2293 434 2338 magnificum
475 2293 510 2326 ἃ
540 2292 797 2331 admirandum,

127 2341 224 2385 quod
244 2342 362 2383 aequale
382 2338 420 2371 fit
439 2337 542 2379 veris,
568 2349 645 2382 quae
668 2336 799 2370 narrari

128 2387 172 2420 de
194 2385 303 2430 gloria
320 2383 521 2417 Stilichonis
541 2381 690 2427 possunt.
722 2383 799 2415 Hoc

127 2441 168 2465 ut
205 2429 379 2470 ostendat,
420 2428 712 2473 comparationem
748 2427 802 2460 in-

131 2476 304 2523 greditur.

177 2548 216 2580 28
241 2541 415 2585 Harpyias,
438 2538 529 2573 foeda
548 2537 717 2578 monstra,
737 2538 804 2572 Ca-

133 2587 198 2621 lais
222 2587 257 2620 δε
284 2588 384 2619 Zetes
413 2587 526 2618 Boreae
553 2584 618 2618 filii
647 2595 665 2616 a
684 2583 804 2617 Phinei

134 2631 267 2673 mensa,
291 2642 393 2676 quam
413 2631 448 2663 δε
470 2628 662 2675 spoliabant
687 2629 721 2663 ἃ
743 2627 806 2662 foe-

137 2677 280 2718 dabant,
314 2676 470 2720 abegere.
519 2674 601 2709 Vid.
621 2674 736 2709 Valet.
756 2673 808 2707 Fl.

139 2723 276 2766 Argon.
303 2733 336 2763 4,
377 2727 438 2762 428
459 2719 532 2764 sqq.

878 1510 922 1545 29
952 1502 1090 1540 Titulus,
1114 1498 1302 1542 inscriptio,
1325 1495 1444 1542 quales
1464 1494 1502 1529 in

830 1545 970 1580 ferculis
1001 1545 1171 1588 triumphi
1199 1544 1409 1582 ferebantur,
1442 1550 1502 1574 aut

857 1591 1050 1625 onebantur
1064 1618 1072 1629 ,
1098 1590 1158 1622 sub
1179 1589 1309 1631 statuis,
1345 1587 1382 1620 in
1404 1597 1501 1619 arcu-

831 1604 897 1670 iius
922 1646 985 1670 etc.
1030 1636 1098 1668 Hic
1120 1636 1229 1679 igitur
1249 1633 1347 1679 poffis
1367 1633 1502 1665 titulum

832 1682 935 1715 etiam
958 1682 1096 1714 laudem
1127 1679 1269 1714 reddere
1299 1677 1352 1712 vel
1375 1676 1502 1722 praedi·

831 1728 1014 1761 cationcm.

879 1783 920 1814 34
947 1772 1041 1806 Aluit
1068 1771 1174 1804 Getas
1204 1770 1334 1803 Bellona
1362 1767 1500 1810 πυραῖς,

832 1818 1001 1851 virtutem
1021 1816 1161 1850 illorum
1180 1825 1242 1860 per
1262 1812 1443 1847 victoriam
1463 1811 1501 1844 &

831 1861 998 1896 succelsus
1020 1861 1136 1894 auxit:
1168 1869 1369 1905 quanquam
1389 1866 1503 1900 neque

831 1907 944 1952 ipsum
981 1906 1113 1940 vidium
1156 1905 1336 1939 excludere
1382 1902 1501 1942 velim,

834 1965 937 1999 quem
953 1951 1013 1986 fibi
1042 1951 1144 1985 armis
1164 1949 1372 1995 paraverint.

882 2028 920 2062 35
965 2022 1045 2052 Tota
1082 2027 1158 2052 aetas
1181 2018 1350 2051 Getarum
1380 2013 1504 2048 canuit,

839 2065 1002 2110 peritiam
1035 2064 1071 2097 &
1107 2061 1331 2108 prudentiam
1361 2063 1403 2093 ab
1439 2058 1502 2092 usu

839 2109 1016 2144 eolleEtam
1042 2106 1164 2142 habuit
1177 2135 1186 2148 ‚
1207 2116 1258 2153 ut·
1277 2104 1506 2139 adolescentes

839 2166 979 2201 quoque
997 2153 1148 2187 veterani
1162 2150 1225 2186 esse
1243 2151 1457 2185 viderentur.

886 2220 929 2264 36
955 2223 1059 2255 Exuta
1077 2218 1249 2256 tenebris,
1287 2216 1443 2262 squalore
1470 2214 1508 2248 δε

840 2265 1070 2307 obscuritate,
1119 2275 1189 2309 qua
1216 2263 1311 2297 velut
1348 2260 1510 2295 involuta

841 2322 934 2353 erat,
973 2309 1128 2345 liberata.
1182 2312 1230 2343 Ut
1265 2309 1325 2341 lux
1360 2305 1510 2351 gloriam

843 2367 938 2392 notat
959 2357 993 2391 &
1013 2367 1173 2400 magnam
1195 2353 1440 2391 celebritatem,
1460 2351 1511 2383 ita

841 2402 991 2437 tenebris
1017 2402 1190 2435 indicatur
1216 2398 1358 2432 infamia
1389 2396 1423 2429 &
1445 2394 1512 2428 hu-

843 2448 985 2483 militas.

844 2496 967 2539 poeta,
991 2493 1104 2537 leges,
1128 2490 1303 2529 instituta,
1323 2496 1433 2521 mores
1446 2488 1514 2519 Ro-

847 2549 965 2572 manos
985 2536 1211 2571 barbarorum
1242 2532 1432 2568 incursione
1450 2542 1514 2575 op-

848 2584 974 2629 primi,
1006 2592 1046 2616 ut
1067 2593 1137 2616 non
1159 2578 1318 2625 agnoscas
1337 2578 1436 2611 illum
1451 2587 1514 2620 po-

850 2630 973 2674 pulum
994 2627 1181 2668 vigim-em,
1207 2625 1268 2671 qui
1298 2624 1337 2657 in
1362 2620 1514 2656 tenebris

853 2674 945 2718 quasi
969 2671 1152 2708 delitescat.

1053 2447 1122 2480 Hic
1151 2444 1240 2479 illud
1271 2441 1407 2487 insuper
1436 2440 1515 2473 vult
1566 2459 1570 2463 -
