1696 2942
245 115 315 160 ω

483 103 492 111 ‘
541 107 632 150 CL.
668 105 1061 152 CLAUDIANI
1095 109 1250 155 ‘XXVI

275 204 493 248 Fulmineo
521 205 624 246 velit
651 206 748 259 igne
775 204 912 259 loqui,
949 207 1045 261 quid
1072 199 1259 248 carmine*
1276 207 1412 263 poscat

277 276 314 320 F
316 278 464 319 atidico
495 278 627 319 custos
657 278 831 318 Romani
859 279 1040 320 carbasus
1069 282 1160 320 aevi.

282 349 465 392 Territat
498 348 669 389 affiduus
697 349 826 390 Lunae
856 349 990 399 labor,
1026 360 1190 407 atraque
1221 353 1377 401 Phoebe

283 423 484 467 Noffibus
513 423 703 463 aerisonas
728 423 882 464 crebris
910 425 1061 466 ululata
1089 440 1161 480 per
1191 429 1326 469 urbes.

166 508 229 547 233
270 497 359 540 Nec
386 497 556 538 credunt
596 498 730 537 retito
758 495 985 538 nudatam
1013 496 1107 538 Sole
1134 500 1313 541 sororem

275 571 457 613 Telluris
485 571 680 612 subeunte
709 571 856 626 globo:

896 571 962 612 sed
992 572 1115 612 castra
1143 574 1300 622 secutas

282 644 456 686 Barbara
479 643 728 686 Thefl'alidas
755 646 897 699 patriis
924 646 1066 686 lunare
1096 648 1267 687 venenis

276 716 478 759 Incestare
500 717 633 771 jubar.
689 717 809 759 Tunc
838 719 932 758 anui
961 717 1071 772 signa
1108 719 1271 773 prioriS‚

280 792 337 835 Et
366 790 394 832 fi
425 793 533 847 quod
559 791 722 834 fortaffe
752 794 869 848 quies
897 794 1128 848 neglexerit
1155 807 1292 842 omen,

165 877 243 916 240
275 865 402 907 Addit
431 879 528 906 cura
552 866 695 921 novis:
736 865 937 920 lapidosos
974 867 1180 921 grandinis
1211 865 1330 914 ἰξὶυς,

283 938 524 993 Molitasque
553 952 725 979 examen
753 952 849 993 apes
861 968 872 987 ‚

901 937 1119 994 passlrnque
1147 950 1344 980 crematas

276 1013 546 1056 Perbacchata
574 1014 717 1055 domos
747 1014 872 1054 nullis
900 1015 1092 1055 incendia
1121 1013 1274 1062 caussis,

223 1098 233 1140 ς
281 1089 336 1131 Et
361 1102 581 1144 numquam
617 1089 721 1130 caelo
760 1088 982 1143 spectatum
1007 1090 1175 1144 impune
1206 1098 1408 1138 cometen,

282 1162 365 1212 Qui
392 1164 569 1217 primum
599 1163 714 1203 roseo
741 1161 887 1202 Phoebi
915 1163 1096 1217 prolatus
1134 1163 1182 1204 ab
1214 1170 1318 1210 ertu,

169 1246 243 1286 245
279 1236 371 1286 Qua
389 1237 512 1276 micat
540 1235 729 1291 astrigera
759 1235 891 1277 senior
920 1250 1014 1277 cum
1042 1241 1215 1291 conjuge
1237 1237 1440 1291 Cepheus,

279 1310 382 1352 Inde
412 1310 621 1366 Lycaonia
655 1310 866 1365 paullatim
894 1309 1085 1365 expulsus
1112 1311 1160 1351 ab
1189 1309 1317 1353 Arcto

220 1487 277 1525 232
299 1480 469 1515 Caucasus
491 1482 562 1525 cuj.

345 1534 408 1571 239
430 1527 623 1572 neglexerat
644 1529 689 1562 al.
720 1530 814 1561 etiam
841 1529 955 1570 Heius.
968 1538 997 1561 a.

1425 1384 1549 1428 Crine

693 1492 752 1527 234
775 1481 968 1517 horrisonas
993 1484 1083 1526 vulg.
1116 1480 1286 1515 Ausonias
1309 1483 1378 1524 Bas
1401 1492 1504 1526 marg.

1086 1526 1150 1569 246
1174 1527 1379 1572 Lycaoniam

703 1572 749 1608 ad
774 1572 890 1608 airikon
915 1574 1015 1607 MSS.

222 1692 279 1726 232
301 1685 451 1727 Carbafias
469 1683 567 1717 lintei
591 1694 697 1729 genus
717 1685 823 1736 Hispa

176 1730 246 1763 nici
275 1728 420 1763 subtilia.
463 1729 529 1762 Sed
558 1729 674 1762 eodem
698 1741 840 1764 nomine

174 1774 275 1807 etiam
303 1774 377 1807 vela
405 1773 547 1806 navium
582 1773 731 1817 signant,
751 1773 840 1809 forte

177 1818 280 1851 simili
303 1816 489 1859 Asteistno,
522 1828 591 1861 quo
611 1818 838 1852 tenuiffimum

178 1862 353 1906 quoddam
375 1861 461 1907 ‚byffi
483 1873 590 1907 genus
608 1865 752 1907 Baptista.-
776 1875 837 1897 no-

177 1907 270 1940 mine
299 1906 525 1951 distinguunt.
588 1909 717 1941 Linteos
746 1909 841 1942 libros

177 1949 340 1986 fastorum
360 1952 391 1985 h.
412 1964 439 1985 e.
456 1952 492 1984 in
510 1952 617 1985 textili
638 1952 744 1987 linteo
761 1952 841 1987 scri-

177 2005 278 2041 ptos,
313 1996 426 2041 paffim
451 1997 568 2029 laudat
596 1997 725 2031 Livius.
789 1999 839 2030 Ex

177 2053 219 2075 eo
241 2052 362 2086 genere
387 2039 485 2074 fuiffe
497 2039 696 2086 Sibyllinos,
709 2042 840 2075 indic-at

179 2086 283 2120 etiam
309 2086 531 2131 Symmachus
558 2098 591 2128 4,
608 2096 645 2127 3⁴
694 2089 839 2120 Mom'tus

173 2133 341 2174 Cumanos}
375 2133 471 2164 lintea
513 2140 596 2164 texta
646 2134 838 2174 sumserunt.

178 2177 282 2217 custos
298 2178 361 2209 sevi
379 2176 534 2216 Romani,
557 2176 593 2208 in
613 2187 682 2219 quo
699 2175 840 2209 fataim-

176 2221 264 2264 perii
286 2220 452 2265 descripta
473 2220 550 2253 sunt
566 2232 625 2264 per
646 2222 762 2254 omnia
783 2221 839 2254 sae-

177 2265 266 2306 cula,
290 2265 331 2299 ad
351 2277 452 2309 quem
472 2264 696 2298 adirurrebus
708 2265 836 2300 dubiis.

221 2321 274 2352 233
298 2310 441 2344 Pulchre
458 2309 512 2342 hie
533 2310 567 2343 ἃ
582 2310 835 2354 superstitiones

171 2355 369 2399 plebeculae,
379 2355 414 2389 &
424 2354 458 2388 su
464 2365 514 2387 am
525 2366 638 2387 rerum
649 2354 833 2389 caelestium

174 2401 352 2444 peritiam,
377 2401 474 2443 juxta
499 2398 528 2432 se
549 2400 655 2443 ponit.

218 2444 281 2485 236
306 2446 415 2478 Etiam
443 2444 497 2477 hic
526 2444 681 2488 loquitur
697 2445 767 2486 ita,
792 2455 832 2479 ut

172 2498 304 2523 motum
329 2489 446 2523 telluri
465 2488 603 2523 tribulat.
621 2489 702 2523 vid.
715 2490 755 2523 ed
773 2501 832 2531 ω.

216 2540 275 2575 238
300 2537 379 2569 Haec
400 2535 435 2568 ἃ
447 2533 570 2567 <similia
584 2535 739 2579 prodigia
753 2546 834 2569 con-

167 2577 389 2614 fideravimus
410 2580 451 2612 ad
472 2586 581 2623 18‚pr.
604 2579 639 2613 it.
663 2579 830 2624 20‚40sq.

167 2624 238 2669 Qi
262 2625 421 2669 Prodigia
432 2625 572 2658 Liviana
591 2624 693 2658 velex
715 2624 832 2658 Indice

168 2667 501 2705 Drakenborchiano
541 2670 595 2705 vel
651 2679 693 2707 ex
731 2669 831 2714 Julio

885 1684 1102 1729 Obsequente
1123 1682 1350 1729 percurrerit,
1370 1683 1405 1716 &
1425 1681 1493 1715 haec
1510 1680 1548 1716 δε
1562 1688 1572 1697 ‘

885 1731 985 1774 plura
1005 1729 1070 1762 alia
1084 1729 1245 1763 inveniet.

930 1784 986 1816 243
1010 1777 1154 1809 Cometen
1171 1786 1236 1807 non
1264 1774 1390 1816 impune
1412 1769 1550 1816 speffan‘

885 1818 972 1852 dicit
993 1820 1093 1852 etiam
1109 1847 1117 1859 ,
1153 1818 1195 1852 de
1221 1818 1317 1862 vulgi
1337 1828 1457 1860 nempe
1477 1813 1549 1849 sen-

884 1863 990 1896 tentia
1003 1891 1012 1904 ‚
1045 1862 1155 1896 noster
1172 1872 1216 1905 33,
1236 1873 1298 1905 234
1332 1861 1402 1895 h.e.
1422 1860 1552 1906 semper

886 1907 1045 1952 consequi
1066 1907 1169 1941 solere
1190 1909 1277 1941 mala
1301 1906 1456 1951 quaedam
1506 1916 1547 1939 u-

885 1951 984 1986 bliea.
1029 1955 1191 1986 Ceterum
1223 1963 1324 1997 quem
1350 1951 1404 1984 hic
1427 1950 1467 1982 de
1483 1950 1549 1983 cri-

884 1995 937 2030 bit
972 2007 1146 2038 cometen,
1197 1998 1288 2030 hunc
1316 1997 1349 2029 in
1380 1995 1549 2040 Catalogo

884 2042 1129 2087 chronologico
1143 2070 1151 2083 ‚
1186 2042 1238 2075 sed
1266 2041 1333 2075 sola
1351 2040 1413 2074 hac
1433 2039 1549 2074 austo-

884 2088 984 2120 ritate
996 2087 1094 2121 refert
1109 2086 1345 2120 Lubieniecius
1366 2086 1405 2118 ad
1422 2086 1452 2118 A
1468 2093 1547 2125 405.

883 2133 944 2165 Via
977 2143 1079 2175 quam
1099 2132 1157 2164 dat
1184 2141 1334 2171 cometae,
1354 2129 1551 2175 probabilis

882 2176 946 2218 est,
989 2177 1025 2210 ὅτ
1060 2188 1099 2210 ex
1135 2174 1369 2211 observatione
1403 2173 1547 2208 sumtum

881 2221 973 2255 haud
1005 2221 1150 2262 dubito,
1203 2221 1297 2265 quod
1335 2219 1548 2262 comparatio

882 2267 1016 2299 viarum
1037 2266 1194 2306 ostendit,
1220 2276 1294 2309 quae
1314 2263 1543 2298 aduobusin—

880 2311 922 2344 de
943 2311 1067 2344 saeeulis
1095 2313 1130 2345 in
1151 2311 1264 2344 liter-as
1284 2309 1396 2342 relatae
1413 2307 1499 2341 sunt.

924 2366 984 2397 247
1019 2358 1166 2391 Geticum
1191 2355 1363 2399 plaustrum
1393 2353 1543 2396 anpellat

878 2400 941 2435 hoc
963 2400 1051 2434 fidus
1069 2412 1147 2435 eum
1170 2399 1329 2433 allusione
1349 2399 1391 2432 ad
1410 2389 1542 2431 bellum

878 2447 1060 2485 Geticum,
1093 2446 1129 2480 &
1149 2445 1278 2478 cladem
1299 2444 1428 2488 gentis:
1461 2441 1542 2475 ideo

876 2491 976 2524 etiam
998 2490 1148 2524 foedandi
1160 2488 1262 2523 verbo
1275 2489 1397 2522 utitur.
1409 2489 1547 2531 Nempe

877 2537 1067 2577 Lycaoniam
1100 2539 1204 2579 ursam
1235 2543 1318 2578 puto
1348 2544 1440 2572 eam,
1465 2542 1542 2575 quae

877 2581 990 2614 minor
1021 2580 1126 2625 vulgo
1157 2588 1319 2613 vocatur:
1366 2577 1543 2621 planstrum

877 2624 1012 2674 (nostris
1024 2627 1088 2672 ⁷der
1105 2623 1314 2668 Heerwagen)
1337 2621 1412 2657 ursa
1421 2623 1542 2665 major.
