1696 2942
370 148 540 192 LAUS
597 149 904 194 SERENAE
959 152 1094 195 REG

1307 167 1381 206 501

195 245 275 287 Sed
304 246 389 287 fato
414 249 612 295 meliore,
642 249 762 304 legis.
821 249 909 298 Jam
940 251 1093 293 nubilis
1121 246 1223 292 aetas

84 324 151 360 160
188 321 379 376 Principe
414 322 591 364 sollicito
630 325 739 366 votis
773 331 962 366 erexerat
1004 326 1138 366 aulam

188 396 388 443 Incertis,
419 410 542 452 quern
572 407 684 439 tanta
717 401 795 439 tori
828 399 991 440 fortuna
1015 407 1213 442 maneret.

246 470 454 525 Antiquos
486 472 669 527 loquitur
703 473 906 514 Musarum
935 474 1081 527 pagina
1110 487 1245 529 reges,

194 542 318 591 Quod
362 544 448 583 dira
491 545 558 584 sub
593 544 686 600 lege
719 558 870 599 procos
906 555 1065 585 certare
1090 547 1294 600 juberent,

183 617 376 658 Emturos
417 619 644 660 thalamum
675 621 789 661 dubii
820 619 1053 661 discrimine
1082 620 1171 669 leti,

76 694 138 740 165
181 691 234 732 Et
255 691 321 732 sua
355 693 541 733 crudeles
577 695 804 748 gauderent
835 694 1009 747 pignora
1044 695 1190 735 mortis

182 764 420 805 Ambitione
448 766 547 819 peti.

626 765 759 807 Curru
790 763 912 805 Pisaea
942 766 1099 805 marino

182 836 308 892 Fugit
339 838 420 878 tela
440 838 601 892 Pelops.
641 851 735 878 nam
768 835 950 892 perfidus
979 837 1116 891 objice
1140 837 1251 892 regis

738 909 849 958 1i3

91 1002 154 1038 160
168 1004 250 1037 aulae
268 1000 420 1049 Ingentis
433 1007 506 1040 MS.
528 1006 602 1039 hinc
623 1005 735 1039 aulam
754 1006 899 1040 Intentis
911 1006 993 1048 conj.
1010 1007 1127 1049 Heius.

1271 908 1452 953 Prodidit

1180 1004 1235 1047 163
1248 1005 1320 1038 dira
1331 1007 1432 1039 MSS.

90 1064 154 1097 166
184 1065 336 1109 maligno
360 1069 434 1100 MS.
476 1067 599 1100 marito
624 1068 705 1110 conj.
734 1069 816 1101 Scal.
863 1068 944 1111 quod
983 1068 1099 1111 recepit
1137 1068 1252 1110 Heiufi
1295 1066 1430 1100 marino

109 1128 202 1161 eriam
233 1129 417 1169 defenditur
454 1130 490 1162 in
532 1131 670 1173 Miscell.
703 1130 887 1172 Olvservutt.

937 1130 1087 1163 Britann.
1126 1130 1228 1162 Πολι
1278 1139 1311 1173 p.
1338 1137 1407 1170 323.

222 1188 278 1231 167
301 1189 469 1234 providus
489 1193 578 1235 vulg.
602 1189 753 1224 fervidus
781 1192 880 1225 MSS.
901 1191 970 1233 Cuj.
1002 1189 1165 1235 pervidus
1185 1191 1262 1223 MS.

114 1324 170 1359 ¹59
219 1317 296 1350 fato
329 1316 466 1349 meliore.
534 1316 727 1357 Laodamia,

66 1361 218 1398 Evadne,
243 1362 418 1402 Lucretia,
452 1373 600 1395 amorem
627 1362 729 1396 mari-

66 1414 185 1456 toruin
215 1406 248 1439 δε
280 1406 384 1439 fidem
422 1407 574 1452 coniugii
606 1406 729 1451 proba-

66 1461 149 1484 runt
178 1462 211 1483 in
242 1462 350 1484 morte
368 1463 541 1489 virorum„
577 1463 610 1485 in
639 1464 729 1494 mlu-

64 1496 114 1529 ria
138 1495 229 1529 illata
244 1498 398 1540 corpori:
434 1506 469 1529 tu
482 1496 726 1537 felicior,ide1n

65 1540 217 1581 fanum,
250 1552 318 1575 non
350 1540 495 1575 habuisti
516 1542 659 1586 exempli
678 1552 728 1575 ta-

67 1586 111 1619 lis
131 1586 336 1620 occasionem
367 1587 418 1619 vel
449 1587 682 1620 necessitatem.

111 1632 174 1666 160
204 1635 285 1665 Vota
305 1631 478 1665 referenda
506 1632 667 1665 videntur
685 1631 728 1666 ad

64 1675 311 1718 adolescentes,
343 1677 402 1720 qui
423 1676 646 1722 erigebantur
666 1689 726 1712 vo-

65 1722 109 1755 tis
129 1722 163 1756 &
185 1721 238 1765 spe
268 1723 469 1767 nuptiarum
498 1723 682 1766 regiarum.

110 1767 164 1808 163
187 1769 278 1813 Qod
306 1767 475 1812 particula
501 1779 571 1801 non
598 1767 727 1813 simpli·

62 1812 148 1846 citer
175 1812 428 1854 ἅφηγηματικνὶ
454 1811 520 1854 est,
546 1823 650 1856 quam
675 1821 724 1845 ta-

66 1869 143 1891 men
171 1857 240 1891 haec
267 1867 346 1891 aetas
372 1869 442 1891 non
477 1857 626 1902 refugit,·
667 1856 722 1891 sed

88 1902 172 1936 otest
211 1903 387 1937 rationalis
413 1902 436 1936 s.
466 1903 606 1936 causalis
636 1914 723 1946 quo·

61 1914 249 1982 {ammodo
261 1948 382 1982 videri.
427 1948 607 1992 Qosdam
626 1958 721 1992 reges

62 1991 128 2027 hoe
165 1994 304 2027 nomine
345 1991 532 2027 celebravit
571 1992 721 2034 historia,

63 2039 146 2082 quod
169 2040 316 2081 juberent
335 2038 400 2072 ἃς.
446 2038 511 2072 His
537 2036 676 2082 regibus
704 2049 721 2071 e

63 2082 184 2118 nostris
203 2083 301 2117 libris
325 2082 448 2117 addere
466 2084 544 2117 licet
567 2083 720 2125 Satrium,

63 2139 83 2162 a
112 2140 239 2173 genero
265 2127 324 2162 suo
361 2130 390 2162 C
421 2129 588 2173 praeputia
617 2128 724 2162 Phili-

65 2172 222 2208 staeorum
246 2173 304 2207 fibi
336 2173 568 2219 stipulantem.

111 2220 172 2262 164
197 2221 307 2253 Emere
333 2220 528 2260 thalamum,
558 2218 724 2263 Virgilia-

63 2274 108 2298 na
133 2263 305 2305 formula,
336 2265 399 2298 Ge.
422 2276 447 2305 1,
469 2274 499 2306 3¹
549 2267 651 2308 Teque
661 2265 722 2306 fibi

57 2314 212 2354 generum
236 2310 352 2352 Tethys
379 2318 460 2343 emat
489 2311 631 2344 omnibus
659 2321 721 2342 un-

62 2356 122 2388 dis.
167 2355 234 2388 Hic
245 2354 346 2388 etiam
364 2355 407 2389 ad
419 2355 600 2399 antiquum
613 2355 725 2389 omni-

62 2411 122 2434 um
148 2398 217 2434 fere
245 2401 404 2444 gentium
431 2411 561 2434 morem
588 2399 725 2444 respici-

63 2454 135 2485 tur,
158 2456 228 2490 quo
248 2445 313 2479 viri
332 2443 390 2478 fibi
411 2444 580 2487 emebant,
602 2445 714 2490 pretio

61 2489 329 2535 comparabant,
350 2501 486 2524 uxoreS.

111 2536 173 2570 166
196 2537 392 2570 Oenomaus
404 2536 512 2570 Elidis
523 2535 559 2571 8c
569 2533 721 2569 Pisarum

63 2588 244 2626 tyrannus,
256 2591 273 2614 a
285 2588 409 2626 genero
421 2591 567 2615 mortem
576 2589 615 2613 ut
626 2591 723 2614 cave-

63 2635 114 2659 ret
135 2625 320 2660 aboraculo
341 2627 493 2660 monitus
514 2637 588 2659 eam
609 2625 642 2659 le
670 2635 724 2659 em

64 2669 177 2715 posuit
188 2671 547 2716 procisHippodamiae
558 2670 637 2704 filiae
660 2682 725 2711 uae,

68 2725 198 2761 utsam
216 2715 368 2760 haberet,
388 2717 450 2763 qui
471 2715 726 2762 ipsumpatrem

785 1317 963 1361 quadrigis
994 1314 1143 1355 vicisset,
1175 1315 1449 1350 interficerentur

784 1374 864 1396 vero
885 1362 976 1396 vicli.
1023 1359 1098 1395 Post
1121 1371 1189 1395 xm
1221 1361 1266 1394 ita
1288 1361 1449 1394 interem-

785 1416 836 1442 tos
851 1407 975 1451 accipit
994 1407 1227 1440 conditionem
1243 1406 1362 1450 Pelops
1376 1406 1443 1440 ἃς.

783 1456 916 1495 Currum
932 1463 992 1496 pro
1012 1453 1108 1495 equis
1129 1452 1254 1493 junctis
1274 1451 1328 1484 hic
1340 1452 1444 1485 etiam

782 1497 989 1542 capiendum
1003 1525 1011 1536 ,
1061 1507 1221 1541 apparet:
1274 1499 1443 1530 Asarinum

782 1552 915 1582 autem,
935 1552 953 1575 a
970 1543 1134 1585 Neptuno
1155 1552 1341 1585 acceptum.
1382 1543 1447 1575 Fa·-

783 1586 863 1620 bula
891 1587 961 1620 liaee
987 1587 1076 1620 inter
1099 1586 1318 1620 nobiliffirnas
1347 1588 1443 1620 Grae-

783 1643 902 1666 corum
916 1660 925 1673 ,
948 1632 1067 1665 multis
1085 1642 1224 1677 quoque
1251 1632 1443 1665 monimen-

785 1678 854 1718 tis,
889 1688 964 1721 quae
984 1675 1162 1711 Pausanias
1199 1676 1308 1710 adhuc
1338 1674 1441 1716 vidit,

778 1721 959 1757 celebrata.
1007 1721 1087 1755 Vid.
1109 1722 1168 1766 qui
1189 1721 1378 1755 laudantur
1397 1720 1441 1754 ad

779 1768 887 1813 Hygi.
910 1766 977 1801 fab.
1000 1773 1052 1808 84.
1098 1768 1188 1801 Cum
1217 1765 1258 1800 ab
1277 1777 1315 1799 ea
1333 1767 1441 1810 origi-

779 1823 856 1846 nem
887 1811 1052 1846 ludorum
1088 1812 1353 1857 Olympicorum
1381 1812 1442 1845 de-

779 1858 952 1897 rivarent,
987 1856 1045 1890 suo
1077 1857 1169 1890 illam
1189 1868 1282 1891 more
1309 1856 1435 1890 cecinit

777 1902 946 1936 Pindarus
973 1903 1083 1936 OLA.
1104 1901 1193 1935 Illud
1214 1902 1254 1935 de
1273 1902 1392 1946 equis,
1420 1911 1440 1935 a

777 1949 942 1992 Neptuno
966 1948 1114 1991 acceptis
1137 1959 1169 1980 v,
1186 1957 1237 1991 ¹39
1250 1946 1294 1991 sq.
1341 1947 1434 1980 Hine

778 1995 947 2071 gleptuniu
965 1995 1030 2043 lora
1041 1992 1156 2037 Pelopi
1167 1992 1225 2026 dat
1237 1993 1320 2026 Stat.
1331 1989 1442 2025 Theb.

802 2065 811 2079 ,
833 2044 905 2080 283.

823 2083 880 2125 167
905 2084 1005 2124 Obiex
1023 2082 1141 2117 [obex
1159 2080 1205 2115 est
1225 2081 1282 2115 ille
1303 2081 1434 2123 clavus,

777 2129 837 2173 qui
860 2127 1031 2173 perforato
1053 2128 1105 2161 axi
1133 2137 1285 2161 extremo
1304 2127 1437 2160 inditus

776 2172 949 2219 prohibet,
973 2185 1014 2206 ne
1035 2182 1120 2213 rota,
1138 2172 1309 2206 lubricato
1329 2183 1438 2206 axun-

778 2219 833 2264 gia
856 2219 1023 2260 modiolo,
1045 2218 1135 2251 inter
1153 2217 1312 2262 rapidum
1334 2217 1434 2250 illum

776 2264 1022 2298 circuma'etum
1051 2263 1204 2304 defilire,
1251 2261 1435 2296 destituere

777 2310 969 2355 (decipere)
994 2320 1107 2349 axem,
1131 2308 1166 2342 &
1193 2318 1289 2341 terrae
1310 2307 1437 2340 illisum

777 2354 957 2399 frangere,
989 2363 1139 2387 evertere
1170 2353 1309 2394 quidem
1347 2360 1438 2385 certe

778 2399 957 2444 aurigam,
987 2398 1094 2443 poffit.
1155 2400 1258 2431 Hunc
1287 2397 1436 2437 clavum,

777 2442 949 2489 (ἔμβολον
978 2447 1031 2478 ἐπὶ
1062 2446 1104 2477 τῦ
1136 2442 1330 2486 (ἰκςαξονὶυ)
1377 2450 1437 2474 aut

804 2490 879 2523 lane
907 2500 976 2524 non
1012 2488 1162 2528 indidit,
1204 2497 1262 2521 aut
1298 2497 1436 2520 cereum

775 2502 857 2569 fecit
890 2535 1074 2579 Myrtilus,
1122 2531 1218 2566 faber
1245 2533 1280 2566 Sc
1316 2531 1440 2575 auriga

777 2581 945 2616 Oenomai
973 2579 1239 2623 (iquaronnyo'f
1270 2579 1324 2610 καὶ
1349 2576 1437 2616 ἡνιό-

779 2636 864 2668 χος)
911 2623 955 2659 ab
974 2623 1211 2668 Hippodamia
1234 2631 1434 2666 comiptus,

779 2680 820 2704 ut
839 2680 881 2703 ex
907 2666 1163 2714 antiquioribus
1195 2676 1310 2702 narrat
1325 2666 1440 2703 Schol.

782 2716 923 2761 Apollo.
946 2716 1080 2761 Argon.
1101 2722 1209 2756 i,752.
