1696 2942
468 112 554 154 DE
612 111 830 153 BELLO
888 109 1147 151 GETICO

1379 121 1443 157 413

303 210 383 252 Sed
397 209 492 265 quid
505 223 582 264 ego
592 206 861 249 Hannibalem
873 213 1027 254 contra,
1038 205 1324 263 Pyrrhumque
1336 215 1399 250 tot
1412 210 1531 251 annis

152 299 210 339 ¹55
254 284 464 326 Certatum
493 280 751 322 memorem?
780 293 874 322 cum
903 280 986 321 illis
1004 278 1219 335 Spartacus
1240 295 1363 325 omne

265 360 342 402 Per
372 360 478 400 latus
509 359 640 399 Italiae
669 357 780 397 ferro
814 356 1032 398 bacchatus
1063 356 1105 398 &
1123 357 1224 412 igni,

261 435 584 488 Consulibusque
614 433 745 488 palam
767 434 893 474 toties
916 432 1172 487 congressus,
1207 434 1364 477 inertes

264 507 439 550 Exuerit
470 505 607 547 castris
647 506 859 552 dominos,
899 503 942 546 &
970 504 1100 559 strage
1126 507 1316 560 pudenda

259 581 293 623 F
298 581 431 621 uderit
463 579 649 619 imbelles
681 578 835 633 aquilas
863 577 1076 618 servilibus
1104 581 1243 620 armis.

150 658 222 696 160
260 656 348 698 Nos
371 662 574 695 terrorum
594 665 756 706 experS,
787 651 829 693 &
847 651 950 692 luxu
970 653 1135 693 mollior
1155 662 1257 697 aetas

262 730 488 773 Deficimus
510 728 694 784 queruli,
723 725 752 767 fi
787 727 861 766 bos
891 725 1088 768 abduetus
1112 738 1260 779 aratro,

255 801 310 843 vSi
328 802 450 842 libata
470 800 597 855 seges.
629 811 713 839 non
745 797 850 838 hanc
870 797 1070 852 ergastula
1091 800 1213 841 nobis

257 875 465 918 Immisere
496 887 684 921 manum,
724 885 802 912 nec
833 873 1083 926 conjurantis
1112 888 1249 917 arenae

261 947 399 990 Turba
419 948 509 988 fuit.
541 947 702 1003 qualem
720 945 893 987 Stilicho
915 946 1111 1000 dejecerit
1142 948 1316 1000 hostem,

146 1024 209 1071 165
254 1021 435 1063 Thraces
455 1021 496 1062 ἅ
517 1021 711 1063 Aemonii
733 1026 926 1075 poterunt
945 1019 1143 1076 Moesique
1168 1023 1303 1066 fateri.

257 1097 426 1151 Frigida
444 1104 506 1137 ter
527 1097 664 1136 decies
683 1096 881 1136 nudatum
911 1094 1125 1136 frondibus
1148 1098 1329 1142 Aernum

259 1171 413 1213 Tendit
434 1171 566 1210 hiems
588 1169 736 1211 vestire
757 1169 879 1224 gelu3
911 1170 1165 1226 totidemque
1183 1172 1327 1214 solutis

257 1244 348 1288 Ver
379 1246 542 1285 nivibus
573 1244 747 1284 viridem
776 1243 908 1284 monti
936 1246 1142 1298 reparavit
1173 1246 1382 1298 amietum,

255 1320 320 1362 Ex
353 1333 433 1374 quo
459 1320 544 1373 jam
581 1319 737 1373 patrios
777 1331 880 1372 gens
913 1317 1004 1359 haec
1032 1320 1159 1360 oblita
1188 1320 1382 1374 Triones,

145 1403 216 1447 170
266 1395 404 1448 Atque
437 1392 584 1433 Istrum
612 1390 837 1433 transve&a
864 1391 988 1432 semel
1020 1393 1190 1449 vestigia
1219 1393 1316 1439 fixit

257 1467 460 1509 Thre'scio
487 1465 646 1508 funesta
677 1466 787 1521 soloj
830 1466 899 1523 seu
927 1466 1010 1508 fata
1033 1470 1243 1519 vocabant,

191 1648 249 1682 155
268 1638 329 1674 vili
357 1636 401 1677 al.
492 1633 552 1680 156
577 1632 670 1672 furto
698 1635 740 1672 al.

1451 1548 1534 1593 Seu

857 1636 918 1682 167
953 1635 1124 1686 totiesque
1152 1641 1243 1688 vulg.
1275 1653 1350 1680 ante
1377 1647 1493 1693 Heius:

698 1693 759 1727 170
792 1682 889 1718 simul
916 1687 991 1720 MS.

193 1800 247 1834 153
277 1790 469 1834 Temperiem
499 1790 573 1822 caelo
599 1790 718 1831 referre
748 1789 827 1833 pul-

146 1831 227 1872 chre
273 1836 426 1876 diflumz
470 1837 569 1875 bello,
615 1846 684 1868 non
727 1835 821 1868 item.

147 1883 283 1927 Nempe
306 1881 428 1925 optimi
443 1880 552 1924 ‘etiam
577 1880 612 1913 in
637 1881 824 1924 jungendis

145 1928 168 1962 s.
188 1925 419 1971 coniugandis
439 1926 499 1958 uni
521 1925 625 1959 verbo
647 1925 823 1958 communi

147 1972 288 2006 diversis
328 1969 528 2004 nominibus
568 1970 588 2004 s.
618 1969 821 2004 notionibus

151 2029 224 2051 non
251 2017 380 2061 semper
405 2014 482 2049 satis
512 2026 668 2049 accurate
688 2015 822 2049 versan-

151 2070 230 2103 tur,
255 2073 331 2106 quae
349 2072 400 2094 res
424 2060 543 2105 figurae
571 2071 696 2095 nomen
727 2072 821 2094 acce-

144 2109 211 2154 pit,
237 2108 392 2151 Zeugma
405 2113 539 2140 vocant.
585 2106 685 2140 Poffis
707 2116 822 2139 tamen

148 2153 285 2193 dicere3
310 2152 422 2185 invito
443 2163 560 2185 verum
582 2151 638 2185 hic
659 2150 820 2185 excidisse

146 2199 280 2232 Poetae:
321 2208 390 2230 non
427 2197 516 2230 enim
548 2195 652 2230 finem
681 2197 819 2230 allatam

147 2242 241 2277 bello
260 2243 383 2277 Getico
404 2243 464 2276 illa
491 2242 667 2276 receffione
688 2243 818 2276 Alarici

151 2285 195 2322 de
216 2288 327 2322 limite
352 2289 495 2328 Italico,
520 2286 575 2321 sed
594 2288 819 2331 qualemcun-

148 2344 218 2379 que
239 2343 439 2378 temperiem
465 2332 486 2366 s.
516 2332 798 2367 moderationem.

195 2389 250 2421 ¹55
273 2380 326 2412 De
339 2381 488 2422 Spartaco
509 2378 641 2412 dietum
659 2379 736 2420 ad3‚
751 2387 822 2419 255.

202 2424 263 2459 162
307 2425 492 2458 Servorum
534 2434 614 2467 pars
656 2425 819 2467 ergastulis

148 2470 278 2515 apertis
298 2469 442 2514 prodiit,
472 2479 550 2513 pars
574 2468 616 2502 de
635 2470 727 2502 ludis
747 2471 820 2514 gla—

146 2514 328 2557 diatoriis,
352 2513 414 2548 ubi
435 2526 537 2548 areuae
561 2514 596 2548 &
622 2514 822 2559 spectaculis

145 2561 370 2605 parabantur.

197 2615 258 2647 ¹70
282 2607 384 2640 Semel
415 2603 470 2638 hic
509 2615 583 2638 eam
612 2604 684 2638 vim
719 2603 821 2639 habet

147 2656 252 2694 quam
290 2652 463 2695 primum,
513 2659 552 2683 ut
578 2650 731 2684 nostrum
768 2653 820 2684 ein

149 2694 247 2731 mahl.
277 2698 324 2732 Ut
349 2696 423 2731 Ην.
440 2704 487 2738 33,
515 2705 538 2739 9
599 2697 661 2731 Ter
691 2698 821 2742 prodita

865 1790 973 1835 putria
997 1811 1043 1819 ---
1075 1794 1193 1836 fimel,
1216 1795 1342 1835 iterum,
1364 1799 1468 1833 tertio.

914 1845 961 1878 ¹7¹
989 1839 1090 1879 Fara,
1123 1839 1159 1872 <Sc
1186 1841 1234 1872 ira
1255 1842 1361 1875 Derim
1390 1842 1449 1879 fibi
1477 1857 1541 1891 op·

867 1891 1059 1926 ponuntur.
1112 1884 1175 1923 Illa
1207 1884 1288 1918 serie
1326 1887 1540 1926 immutabili

866 1937 969 1970 atque
1006 1936 1131 1962 aeterna
1168 1930 1344 1965 causarum
1373 1934 1408 1968 δι
1437 1948 1541 1970 even-

867 1980 966 2006 tuum
987 1974 1229 2009 continentur:
1255 1976 1322 2011 haec
1345 1979 1540 2025 interponit

863 2016 893 2051 se
926 2027 1020 2052 extra
1049 2019 1151 2053 illum
1180 2020 1351 2056 ordinem.
1406 2027 1463 2060 Sic
1485 2028 1542 2062 di-

867 2073 951 2096 cunt
976 2066 1057 2112 fato,
1075 2064 1135 2099 suo
1161 2067 1266 2108 mori,
1301 2068 1362 2113 qui
1394 2083 1434 2104 ex
1459 2073 1537 2118 lege

866 2108 901 2142 ἃ
923 2108 1108 2143 machinali
1131 2112 1263 2146 ratione
1284 2117 1544 2159 corporismor-

865 2152 909 2187 bo
947 2155 1217 2197 consumuntur,
1258 2161 1352 2202 quod
1396 2163 1540 2206 quaesitae

865 2209 968 2250 manu
988 2196 1044 2233 sua
1073 2201 1126 2234 vel
1159 2202 1266 2237 aliena
1296 2206 1399 2240 morti
1428 2219 1541 2253 oppo-

864 2254 971 2279 nitur.
1018 2247 1099 2280 Haec
1130 2246 1199 2292 ipsa
1228 2253 1409 2285 tamenim
1430 2256 1538 2288 Destm

865 2301 1003 2334 quoque
1024 2291 1181 2325 ordinem
1194 2292 1312 2336 servat,
1336 2295 1371 2329 &
1393 2299 1540 2334 modum

867 2335 1042 2379 quendam
1063 2338 1188 2381 agendi
1218 2350 1279 2383 per
1300 2340 1413 2375 causas
1438 2355 1539 2378 natu-

867 2381 987 2414 raliter
1017 2382 1217 2425 efficientes,
1266 2384 1329 2418 hoc
1357 2386 1403 2420 est
1421 2391 1539 2432 seriem

860 2427 1034 2461 meditatur
1051 2429 1175 2469 ruinis,
1201 2440 1275 2474 quae
1297 2441 1366 2464 non
1389 2445 1456 2468 vno
1475 2436 1539 2469 im-

863 2477 946 2516 petu
975 2471 1011 2505 ἃ
1034 2472 1100 2506 fine
1127 2475 1191 2507 alia
1226 2474 1323 2509 causa
1353 2478 1538 2523 ingruunt,

861 2515 917 2549 sed
946 2517 1042 2551 velut
1072 2530 1089 2552 e
1128 2519 1322 2564 longinquo
1358 2534 1539 2569 parantur,

865 2562 901 2595 δε
927 2570 988 2606 pet
1016 2563 1134 2597 seriem
1162 2567 1336 2608 quandam
1367 2570 1462 2604 velut
1483 2583 1536 2606 ro-

864 2616 976 2640 tarum
997 2607 1028 2641 se
1051 2609 1330 2654 contingentium
1360 2613 1395 2647 ὃς
1414 2615 1538 2662 impel-

862 2647 1010 2703 lentium
1027 2653 1070 2686 ad
1091 2652 1243 2691 finem&
1261 2655 1420 2694 effestum
1435 2661 1535 2698 suum

864 2707 1085 2740 perveniunt„
