1696 2942
313 103 390 146 720
474 89 739 134 ANONYMI
776 89 996 133 POETAE
1032 93 1100 135 CI.
1146 94 1309 137 LAUD.
1337 97 1482 140 HERC

228 198 291 236 ης
334 186 495 235 Sidera,
523 186 673 241 Solque
700 186 799 227 licet
829 188 990 242 glaciali
1018 189 1174 245 frig'ore
1192 192 1324 234 vietus

339 263 573 314 Abstrusum
602 262 755 302 mundo
781 262 942 304 claudat
972 264 1115 317 jubar,
1152 280 1274 308 aurea
1304 269 1483 311 condens

341 337 534 382 Lumina,
563 333 607 375 &
632 334 805 389 ignifluo
833 334 1079 390 stupefa&us
1099 338 1143 378 in
1167 340 1264 380 orbe
1293 341 1486 396 tepescat.

338 406 486 451 Aestus
517 406 640 448 habet
659 406 844 454 Cretam,
885 416 1059 462 pereunt
1083 407 1299 465 silvaeque,
1338 413 1538 469 lacusque,

339 478 637 534 Graminaque‚
663 478 707 520 &
728 480 865 521 fontes
893 480 1013 528 sacri,
1043 483 1278 538 montesque
1304 487 1462 539 perurit

226 564 291 602 130
335 553 519 595 Flamma
539 553 671 593 ferox.
697 553 812 594 Idam
839 551 1007 608 Superis
1034 554 1303 609 spectantibus
1335 559 1443 613 ignis

336 623 528 679 Dissipat,
562 623 605 666 &
624 638 772 679 magno
803 626 1002 666 cunabula
1027 633 1139 680 grata
1168 626 1350 669 Tonanti

338 701 442 754 Igne
466 699 582 740 suum
610 699 854 748 monstrum,
892 698 921 740 fi
945 700 1006 741 fas
1030 701 1088 742 est
1123 702 1285 750 dicere,
1316 703 1457 745 vincit.

336 774 522 816 Tandem
550 774 657 815 fama
688 774 798 816 celer
826 774 982 816 Dickaea
1018 776 1068 816 ad
1094 776 1236 817 littora
1264 789 1458 832 magnum

337 848 524 889 Duxerat
551 847 749 895 Alciden,
775 861 870 889 cum
891 847 1074 889 Taurum
1104 849 1191 889 dira
1218 850 1443 890 minantem

224 933 284 971 135
331 921 522 976 Excipit,
563 919 605 962 &
633 921 785 962 saevum
811 934 966 969 corun,
993 920 1251 976 flammasque
1280 929 1517 964 vomentem

333 994 537 1049 Corripit,
575 1003 696 1050 atque
725 1002 836 1035 artus
865 994 1145 1050 constringens
1172 995 1346 1037 fortibus
1376 995 1485 1037 ulnis

330 1070 534 1127 Ignifluos
560 1068 703 1118 flatus,
730 1072 985 1126 animamque
1012 1071 1056 1111 in
1075 1069 1243 1126 pe&ore
1274 1069 1426 1112 claufit.

221 1227 350 1263 dixere.
393 1225 474 1262 Vid.
493 1225 662 1261 Cellarius
690 1226 773 1259 Not.
793 1223 878 1259 Orb.
934 1236 966 1259 v.
988 1233 1053 1268 127,
1099 1224 1160 1259 ubi
1186 1227 1336 1270 ignifluus
1364 1228 1465 1268 orbis,
1526 1225 1593 1262 five

219 1283 368 1317 ant.1,9.
414 1270 538 1305 Noster
565 1270 760 1316 improvide
784 1271 879 1304 vide·
934 1271 990 1304 via
1010 1270 1098 1305 Solis
1130 1269 1197 1311 est,
1230 1271 1295 1304 slve
1322 1273 1419 1306 Zona
1448 1273 1589 1313 torrida,

219 1329 277 1353 tur
305 1319 360 1352 hic
386 1315 531 1362 posuisse
568 1315 700 1350 causam
726 1315 878 1360 frigoris,
933 1316 1047 1361 inepte
1080 1315 1137 1350 Sol
1171 1316 1219 1350 ibi
1263 1316 1425 1361 tepescere
1451 1317 1591 1352 dicitur.

221 1365 243 1399 si
277 1365 333 1398 Sol
355 1374 432 1397 cum
459 1361 517 1396 suo
538 1362 626 1396 Sirio
646 1362 683 1395 in
707 1360 876 1405 frigidum
931 1361 997 1395 Sed
1016 1371 1191 1405 utcunque
1214 1359 1404 1403 balbutiat,
1429 1361 1490 1395 hoc
1502 1362 1589 1403 vult,

218 1409 507 1454 septentrionem,
546 1407 610 1440 hoc
649 1405 716 1447 est,
757 1407 876 1447 dextro,
932 1407 1155 1451 quantumvis
1177 1416 1328 1440 remotus
1356 1407 1391 1439 sit
1405 1406 1462 1440 Sol
1485 1407 1519 1440 ἅ
1539 1407 1590 1440 Si-

220 1453 454 1495 dextrorsum,
495 1452 526 1486 se
551 1450 748 1497 recepisset,
782 1452 876 1496 quod
931 1453 1026 1493 rius,
1044 1451 1158 1485 aestuat
1187 1453 1290 1485 Creta
1306 1462 1325 1486 a
1353 1454 1469 1486 Tauro
1495 1452 1590 1498 igni-

218 1502 322 1546 plane
342 1510 460 1533 comm
485 1497 551 1539 est;
591 1498 627 1532 ἃ
647 1497 806 1531 novimus
827 1497 879 1530 Si·
932 1508 1045 1531 vomo.
1106 1496 1324 1530 Adverbium
1367 1499 1491 1532 Dextro
1539 1495 1586 1530 est

218 1547 312 1581 tium
335 1544 443 1580 fixum
462 1542 538 1585 esse,
561 1553 622 1576 nec
640 1551 772 1576 mutare
784 1541 877 1575 suam
932 1542 1035 1575 etiam
1054 1542 1216 1576 LaRantii
1238 1553 1266 1584 3,
1279 1542 1344 1584 6.4
1388 1545 1454 1576 Aut
1474 1543 1583 1576 dextro

218 1591 264 1625 ad
310 1591 516 1636 Eclipticam
571 1588 876 1633 comparationem.
932 1597 987 1622 aut
1006 1588 1130 1629 finisti-0
1156 1590 1263 1631 versus
1288 1588 1474 1621 ceciderunt.

218 1636 286 1672 Sed
307 1632 394 1670 nihil
412 1633 645 1679 frequentius,
668 1644 772 1677 quam
800 1643 879 1677 pro·
981 1642 1030 1674 137
1055 1634 1232 1666 Truncum
1262 1631 1325 1666 effe
1353 1643 1509 1673 carmen,
1533 1630 1587 1665 vel

221 1681 347 1716 misene
374 1681 495 1725 frigus
536 1679 578 1712 ad
612 1677 875 1722 septentrionem
930 1678 1047 1722 potius
1076 1688 1137 1711 nos
1165 1676 1288 1711 habere
1314 1677 1415 1712 modo
1437 1677 1587 1722 particu-

219 1726 394 1771 ablegari‚
421 1727 567 1759 calorem
593 1723 747 1767 affignari
770 1723 878 1768 parti-
927 1723 995 1756 lam
1024 1722 1131 1756 torius
1162 1722 1345 1763 carminis,
1374 1722 1450 1756 fatis
1478 1733 1586 1767 appa·

220 1772 287 1811 bus
315 1768 678 1815 meridionalibus:‚&
708 1767 754 1801 est
780 1777 874 1801 totus
930 1776 1001 1809 ret,
1033 1779 1111 1801 cum
1139 1768 1204 1801 tria
1231 1776 1365 1801 tantum
1392 1767 1433 1801 de
1453 1778 1504 1802 κιι
1531 1766 1587 1801 vel

219 1818 389 1852 hiclocus
409 1826 531 1863 parum
549 1814 602 1847 vel
624 1813 875 1855 φυσιολογάμε-
928 1822 972 1844 xx
1017 1810 1261 1848 certaminibus
1308 1813 1470 1848 Herculis
1528 1811 1586 1846 hic

219 1876 271 1899 tos
304 1864 359 1898 vel
387 1860 677 1908 α’ςςολογιίμενος,
701 1858 875 1904 praecipue
925 1867 1140 1892 enarrentur.

1295 2629 1592 2718 INDEX*
