1696 2942
771 33 789 47 V

331 136 403 179 482.

569 125 659 168 CL.
701 123 1087 181 CLAUDIANI
1141 125 1331 170 XXVIII

248 237 311 278 555·
350 224 530 267 Instituit
553 224 685 277 pietas
714 223 759 262 in
788 221 828 262 se
856 222 924 262 vel
954 223 1127 277 pignora
1151 225 1286 277 parci3

361 300 526 353 Quique
546 304 672 351 neget
693 303 814 343 nato,
843 309 1062 350 procerum
1087 298 1195 352 quod
1219 297 1381 352 praestet
1402 297 1564 339 honori.

417 374 517 415 Haec
546 370 616 412 fibi
636 385 731 412 cura
758 371 917 418 senum,
946 383 1181 432 maturaque
1211 373 1448 428 comprobat
1468 381 1595 427 aetzgs:

358 448 488 502 quue
516 448 623 487 inter
650 447 803 499 veteris
835 445 1012 500 speciem
1044 446 1251 501 praesentis
1282 447 1324 489 &
1342 448 1447 488 aulae
1480 462 1483 467 ·

357 523 538 571 Judicat,
561 522 671 562 hunc
693 522 850 568 civem,
881 521 1070 561 dominos
1099 521 1249 563 venisse
1279 524 1450 577 priores.

244 602 317 646 560

416 594 662 649 Conspicuas
696 601 784 634 tum
813 593 916 634 flore
943 607 1093 648 genas,
1141 585 1364 636 diademate
1394 597 1565 644 crinem,

357 667 618 721 Membraque
654 674 858 721 gemmato
892 666 1043 707 trabeae
1071 667 1290 708 viridantia
1318 667 1468 716 cin&u‚

358 739 412 780 Et
434 738 562 778 fortes
583 738 791 785 humeros,
821 737 864 778 &
884 745 1087 778 certatura
1105 737 1234 793 Lyaeo

354 811 468 854 Inter
495 810 732 865 Erythraeas
756 810 960 865 surgentia
980 811 1087 851 colla
1114 810 1345 864 smaragdos

348 884 489 926 Mirari
521 882 603 924 fine
641 881 725 923 fine
755 897 909 924 nurus:
940 885 1158 938 ignaraque
1185 886 1319 938 virgo,

241 964 308 1014 565
356 960 434 1002 Cui
459 957 628 1013 fimplex
652 960 762 999 calet
791 972 862 999 ore
884 959 1024 1013 pudor,
1045 973 1117 1013 per
1137 958 1290 1014 fingula
1311 970 1485 1000 cernens

353 1035 565 1078 Nutricem
596 1033 796 1074 consultat
825 1047 966 1080 anum,
995 1035 1103 1083 Quid
1126 1032 1209 1074 fixa
1229 1035 1450 1074 draconum

353 1108 438 1149 Ora
459 1105 621 1147 velint?
650 1108 785 1146 ventis
807 1106 991 1154 fluitent,
1021 1121 1072 1147 an
1095 1120 1190 1147 vera
1206 1100 1414 1147 minentur

348 1180 474 1224 Sibila
505 1180 735 1235 suspensum
764 1182 920 1236 rapturi
942 1181 1124 1222 faucibus
1154 1181 1344 1222 hostem?

352 1256 413 1299 Ut
429 1256 646 1313 chalybem
667 1257 834 1298 indutos
864 1258 1045 1312 equites,
1074 1256 1117 1298 &
1145 1257 1190 1298 in
1207 1270 1289 1298 aere
1308 1257 1484 1298 latentes

240 1438 301 1475 557
324 1431 387 1467 hoc
405 1436 446 1467 al.
479 1434 533 1469 hic
565 1438 640 1471 MS.

266 1496 423 1529 mininam
442 1498 697 1532 terminationem
713 1499 825 1542 probat
835 1500 948 1541 Heinfi

740 1435 812 1477 560
835 1447 913 1470 cum
942 1434 1025 1470 flore
1056 1438 1098 1470 al.

1500 1308 1620 1373 vidie

1193 1434 1254 1480 563
1275 1435 1468 1481 Erythraeos
1487 1437 1528 1469 al.
1549 1434 1619 1478 {Fe-

1039 1497 1104 1537 565
1127 1496 1184 1530 ille
1209 1497 1322 1542 pudor
1344 1499 1380 1531 it.
1403 1495 1598 1532 ruborMS.

368 1557 438 1603 569
461 1557 569 1593 calibe
589 1562 644 1593 vel
671 1560 815 1605 chalybe
835 1569 907 1593 ante
925 1561 1040 1604 Heinfi
1063 1558 1241 1604 chalybem
1261 1559 1364 1593 dutos
1387 1561 1462 1593 MS.

285 1667 345 1702 557
365 1661 447 1694 Haec
475 1662 521 1695 ita
548 1672 567 1695 a
593 1661 781 1696 Stilichone
810 1664 905 1698 insti-

240 1712 315 1739 tuta
330 1706 422 1749 apud
443 1706 472 1740 se
485 1707 620 1741 &intra
640 1708 793 1742 ‘animum
805 1708 902 1743 suum

239 1751 440 1794 comprobant
462 1750 564 1792 senes,
582 1752 794 1795 superiorum
817 1763 903 1788 tem·

238 1806 364 1840 porum
393 1808 558 1830 memores
571 1824 579 1838 ,
611 1798 646 1831 &
665 1799 819 1841 judicant
836 1799 900 1834 hoc

241 1842 382 1882 intereffe
414 1843 500 1875 inter
533 1843 644 1875 aulam
680 1853 827 1878 veterem
863 1844 898 1878 ἃ

239 1884 340 1918 hanc.
384 1887 518 1932 Ellipfis
538 1887 657 1921 durior
677 1889 828 1932 primum
848 1890 900 1922 in-

237 1931 370 1964 tuenti:
401 1931 455 1965 sed
476 1944 549 1976 quae
561 1933 745 1974 mollietur,
757 1935 809 1968 vel
821 1934 900 1968 nul-

238 1975 273 2008 la
292 1976 356 2008 erit
384 1978 520 2020 potius,
553 1977 751 2011 siseniorem
770 1990 897 2013 unum-

238 2030 410 2064 quemque
439 2023 648 2066 cogitatione
669 2023 780 2058 nostra
806 2023 897 2058 arbi-

235 2073 329 2098 trum
375 2066 636 2108 constituamus,
683 2070 743 2112 qui
772 2069 896 2111 judicet

235 2111 320 2143 inter
329 2113 462 2154 speciem
482 2114 664 2156 utriusque
680 2115 777 2147 aulae:
810 2114 894 2158 quid

237 2155 349 2198 igitur
365 2155 420 2190 hic
439 2157 633 2199 judicabit?
667 2158 748 2199 hoc,
775 2161 895 2193 Hono-

236 2200 329 2244 rium
362 2201 491 2235 venisse
516 2212 555 2235 ut
582 2203 712 2244 civem,
741 2203 893 2248 superio-

215 2258 218 2259 ’
236 2254 289 2278 res
307 2254 346 2278 ut
366 2246 536 2281 dominos.
581 2249 702 2282 Cicero
723 2249 764 2282 de
781 2249 891 2283 divin.

234 2299 247 2323 1
276 2301 302 2323 c.
313 2301 358 2330 50
393 2302 432 2325 ex
451 2295 571 2336 poeta,
603 2295 763 2326 Iudicavit
792 2295 892 2335 incly-

233 2343 302 2368 tum
316 2337 474 2377 judicium
489 2339 574 2371 inter
584 2339 672 2372 Dens
689 2347 752 2372 tres
763 2339 892 2382 aliquis,

228 2379 271 2414 de
290 2381 421 2416 Paride.

279 2425 350 2465 560
395 2430 467 2461 Flos
491 2440 644 2471 gemrum
681 2438 751 2461 non
784 2425 891 2463 rubor

231 2470 355 2512 modo,
378 2472 431 2506 sed
451 2473 562 2517 prima
583 2473 641 2506 illa
662 2473 802 2517 lanug0‚
822 2485 890 2518 qua

228 2512 288 2547 fibi
329 2517 364 2551 <Sc
400 2518 477 2551 aliis
515 2517 695 2562 placebant
737 2519 888 2560 juvenes.

226 2560 384 2595 Diadema
406 2563 553 2597 Honorii
585 2565 608 2596 i.
630 2563 716 2596 vitta
743 2563 884 2607 alligata

220 2613 258 2654 ct}
288 2605 326 2639 iti
345 2608 481 2642 duobus
509 2608 770 2653 margarini-um
790 2609 884 2642 ordi—

218 2657 254 2680 ni
284 2661 322 2684 us
348 2653 524 2694 distincta,
563 2655 673 2688 taeniis
702 2664 721 2686 a
748 2653 880 2687 cervice

215 2690 404 2733 fluentibus
423 2700 459 2735 ἃ
481 2700 517 2734 in
534 2697 634 2736 bacas
654 2701 797 2743 maj0res
819 2699 878 2734 de-

955 1662 1154 1702 sinentibus,
1177 1662 1213 1695 in
1226 1663 1375 1695 nummis
1396 1661 1490 1695 illius
1503 1661 1616 1698 videri

955 1708 1066 1753 potest
1086 1706 1179 1751 apud
1197 1706 1382 1751 Cangium.
1628 1724 1631 1728 ‹

1000 1754 1061 1793 563
1087 1753 1287 1794 Erythraeum
1316 1751 1430 1785 vocari
1450 1753 1613 1786 memine-

953 1798 1074 1839 rimus⁷
1100 1796 1272 1840 quidquid
1293 1795 1335 1829 ab
1354 1797 1484 1830 oriente
1505 1797 1613 1838 venit,

953 1854 1137 1888 quousque
1160 1850 1255 1885 patet
1280 1841 1497 1886 Erythraeum
1517 1841 1611 1876 s.ru-

956 1887 1055 1921 brum
1085 1897 1197 1926 mare,
1232 1898 1302 1930 quo
1331 1887 1468 1920 nomine
1495 1887 1610 1921 omnis

952 1935 1109 1967 Oceanus
1139 1929 1182 1965 ab
1208 1930 1327 1967 Africa
1353 1931 1434 1965 inde
1453 1932 1496 1965 ad
1514 1933 1614 1967 Seras

950 1977 1265 2021 comprehenditur.
1278 1978 1316 2010 V.
1329 1983 1359 2015 8,
1373 1977 1455 2011 606.
1467 1978 1504 2010 it.
1514 1987 1567 2022 29,
1577 1987 1613 2019 4.

995 2022 1064 2063 ς66
1097 2025 1281 2056 Draconum
1310 2022 1370 2054 ista
1403 2023 1516 2067 imago
1537 2022 1611 2055 val-

950 2068 992 2102 de
1012 2068 1122 2112 placet
1140 2066 1263 2100 nostro.
1286 2066 1365 2100 Vid.
1385 2067 1467 2108 ads,
1481 2076 1547 2109 177.

995 2116 1060 2156 569
1084 2111 1341 2156 Cataphraitos,
1353 2112 1444 2155 quali
1459 2120 1498 2145 tu
1509 2111 1606 2146 dicas

947 2157 1124 2202 obseptos,
1155 2158 1304 2190 munitos
1341 2156 1514 2200 tectosque
1541 2167 1610 2190 un-

947 2203 1051 2247 dique
1087 2202 1178 2235 ferro
1213 2201 1367 2235 homines
1405 2202 1529 2245 pariter
1565 2201 1614 2236 δι’·

946 2259 1072 2292 equos,
1095 2246 1256 2291 graphice
1274 2247 1341 2289 jam
1363 2245 1534 2291 descripsit
1544 2257 1615 2280 no-'

946 2292 1010 2326 ster
1026 2303 1056 2333 ς,
1076 2292 1136 2334 356
1159 2292 1218 2335 qui
1240 2292 1336 2324 locus
1356 2302 1394 2324 ex
1407 2289 1471 2325 hoc
1491 2290 1607 2326 nostro'

945 2338 1057 2370 lucem
1073 2336 1220 2380 ⁴accipit.
1273 2339 1438 2370 Ceterum
1463 2336 1603 2380 galeati,

944 2382 1132 2422 thoracati,
1175 2382 1300 2414 ocreati
1329 2392 1404 2414 aere
1432 2383 1499 2424 jam
1527 2383 1604 2415 Ho-

946 2427 1061 2460 merici
1084 2427 1209 2460 heroes,
1256 2426 1309 2459 De
1327 2427 1424 2469 equis
1442 2425 1545 2460 serius
1555 2425 1600 2459 ad

945 2474 1082 2505 Graecos
1103 2473 1346 2515 Romanosque
1358 2470 1482 2504 veniss'e
1502 2471 1601 2504 vide-

942 2527 1000 2550 tur
1022 2529 1039 2550 a
1062 2515 1234 2556 barbaris,
1259 2516 1462 2549 nominatim
1489 2517 1599 2549 aP-ar-

937 2562 1015 2596 this.
1039 2562 1118 2595 Vid.
1141 2561 1310 2594 Brouckh.
1332 2561 1374 2594 ad
1394 2563 1598 2604 P1·0p.3,10.

936 2617 982 2641 12.
1029 2607 1181 2651 Phrygio
1191 2606 1342 2640 Chloreo
1361 2604 1483 2639 tribuit
1496 2606 1613 2650 Virga

933 2654 1020 2685 Aen.
1046 2662 1087 2692 ιι,
1110 2661 1176 2693 770
1209 2663 1338 2694 equum,
1381 2661 1471 2694 quem
1501 2651 1597 2694 pellic

929 2700 1016 2732 aenis
1033 2700 1075 2732 In
1090 2699 1235 2743 plumam
1257 2698 1399 2743 squamis
1424 2708 1500 2729 auro
1505 2707 1592 2772 scon-

1496 2750 1587 2786 ⁸‚erm
