<?xml version="1.0" encoding="UTF-8"?>
<!DOCTYPE html PUBLIC "-//W3C//DTD XHTML 1.0 Transitional//EN"
    "http://www.w3.org/TR/xhtml1/DTD/xhtml1-transitional.dtd">
<html xmlns="http://www.w3.org/1999/xhtml" xml:lang="en" lang="en">
 <head>
  <title>
</title>
<meta http-equiv="Content-Type" content="text/html;charset=utf-8" />
  <meta name='ocr-system' content='tesseract 3.04.00' />
  <meta name='ocr-capabilities' content='ocr_page ocr_carea ocr_par ocr_line ocrx_word'/>
</head>
<body>
  <div class='ocr_page' id='page_1' title='image "./quaeexstantvarie02clauuoft_0237.png"; bbox 0 0 1696 2942; ppageno 0'>
   <div class='ocr_carea' id='block_1_1' title="bbox 477 125 1127 184">
    <p class='ocr_par' dir='ltr' id='par_1_1' title="bbox 477 125 1127 184">
     <span class='ocr_line' id='line_1_1' title="bbox 477 125 1127 184; baseline 0.012 -7"><span class='ocrx_word' id='word_1_1' title='bbox 477 125 946 182; x_wconf 78' lang='lat' dir='ltr'><strong>EPISTO&#39;LA</strong></span> <span class='ocrx_word' id='word_1_2' title='bbox 998 129 1127 184; x_wconf 74' lang='lat' dir='ltr'>1V‘</span> 
     </span>
    </p>
   </div>
   <div class='ocr_carea' id='block_1_2' title="bbox 1359 146 1426 191">
    <p class='ocr_par' dir='ltr' id='par_1_2' title="bbox 1359 146 1426 191">
     <span class='ocr_line' id='line_1_2' title="bbox 1359 146 1426 191; baseline -0.015 -7"><span class='ocrx_word' id='word_1_3' title='bbox 1359 146 1426 191; x_wconf 76' lang='lat'>631</span> 
     </span>
    </p>
   </div>
   <div class='ocr_carea' id='block_1_3' title="bbox 119 232 1497 392">
    <p class='ocr_par' dir='ltr' id='par_1_3' title="bbox 119 232 1497 392">
     <span class='ocr_line' id='line_1_3' title="bbox 119 232 1497 284; baseline 0.007 -9"><span class='ocrx_word' id='word_1_4' title='bbox 119 232 730 277; x_wconf 46' lang='lat' dir='ltr'>-m--nt—-Jr—sit—-rs—r——r—-t—-t-</span> <span class='ocrx_word' id='word_1_5' title='bbox 740 237 1497 284; x_wconf 39' lang='lat' dir='ltr'>ffiffffa—W-nt—-eit—-it-{t—</span> 
     </span>
     <span class='ocr_line' id='line_1_4' title="bbox 715 350 836 392; baseline 0 0"><span class='ocrx_word' id='word_1_6' title='bbox 715 350 836 392; x_wconf 74' lang='lat' dir='ltr'>xm</span> 
     </span>
    </p>
   </div>
   <div class='ocr_carea' id='block_1_4' title="bbox 240 469 1361 518">
    <p class='ocr_par' dir='ltr' id='par_1_4' title="bbox 240 469 1361 518">
     <span class='ocr_line' id='line_1_5' title="bbox 240 469 1361 518; baseline 0.006 -6"><span class='ocrx_word' id='word_1_7' title='bbox 240 484 300 513; x_wconf 74' lang='lat' dir='ltr'>xv</span> <span class='ocrx_word' id='word_1_8' title='bbox 332 469 430 513; x_wconf 87' lang='lat' dir='ltr'>AD</span> <span class='ocrx_word' id='word_1_9' title='bbox 458 471 862 515; x_wconf 82' lang='lat' dir='ltr'><em>PROBJNUM</em></span> <span class='ocrx_word' id='word_1_10' title='bbox 916 473 1000 516; x_wconf 91' lang='lat' dir='ltr'>UT</span> <span class='ocrx_word' id='word_1_11' title='bbox 1020 473 1361 518; x_wconf 69' lang='lat' dir='ltr'><em>SCRIBAT·</em></span> 
     </span>
    </p>
   </div>
   <div class='ocr_carea' id='block_1_5' title="bbox 171 589 1381 686">
    <p class='ocr_par' dir='ltr' id='par_1_5' title="bbox 171 589 1381 686">
     <span class='ocr_line' id='line_1_6' title="bbox 171 589 1381 686; baseline 0.008 -23"><span class='ocrx_word' id='word_1_12' title='bbox 171 589 379 686; x_wconf 60' lang='lat' dir='ltr'>Quem</span> <span class='ocrx_word' id='word_1_13' title='bbox 399 638 546 680; x_wconf 82' lang='lat' dir='ltr'>precor</span> <span class='ocrx_word' id='word_1_14' title='bbox 579 627 689 668; x_wconf 87' lang='lat' dir='ltr'>inter</span> <span class='ocrx_word' id='word_1_15' title='bbox 715 640 793 667; x_wconf 85' lang='lat' dir='ltr'>nos</span> <span class='ocrx_word' id='word_1_16' title='bbox 822 626 1008 668; x_wconf 87' lang='lat' dir='ltr'>habitura</span> <span class='ocrx_word' id='word_1_17' title='bbox 1033 627 1190 670; x_wconf 86' lang='lat' dir='ltr'>filentia</span> <span class='ocrx_word' id='word_1_18' title='bbox 1219 628 1381 673; x_wconf 77' lang='lat' dir='ltr'>finem?</span> 
     </span>
    </p>
   </div>
   <div class='ocr_carea' id='block_1_6' title="bbox 225 704 1264 834">
    <p class='ocr_par' dir='ltr' id='par_1_6' title="bbox 225 704 1264 834">
     <span class='ocr_line' id='line_1_7' title="bbox 265 704 1218 760; baseline 0.005 -17"><span class='ocrx_word' id='word_1_19' title='bbox 265 704 438 754; x_wconf 82' lang='lat' dir='ltr'>Quando</span> <span class='ocrx_word' id='word_1_20' title='bbox 469 704 577 744; x_wconf 85' lang='lat' dir='ltr'>dabit</span> <span class='ocrx_word' id='word_1_21' title='bbox 609 717 723 745; x_wconf 78' lang='lat' dir='ltr'>caras</span> <span class='ocrx_word' id='word_1_22' title='bbox 759 704 898 744; x_wconf 81' lang='lat' dir='ltr'>littera</span> <span class='ocrx_word' id='word_1_23' title='bbox 927 713 1043 760; x_wconf 84' lang='lat' dir='ltr'>grata</span> <span class='ocrx_word' id='word_1_24' title='bbox 1071 707 1218 748; x_wconf 79' lang='lat' dir='ltr'>vices?</span> 
     </span>
     <span class='ocr_line' id='line_1_8' title="bbox 225 777 1264 834; baseline 0.003 -15"><span class='ocrx_word' id='word_1_25' title='bbox 225 779 293 819; x_wconf 83' lang='lat' dir='ltr'>Me</span> <span class='ocrx_word' id='word_1_26' title='bbox 317 779 526 825; x_wconf 85' lang='lat' dir='ltr'>timidum,</span> <span class='ocrx_word' id='word_1_27' title='bbox 554 778 621 818; x_wconf 79' lang='lat' dir='ltr'>vei</span> <span class='ocrx_word' id='word_1_28' title='bbox 652 785 695 818; x_wconf 89' lang='lat' dir='ltr'>te</span> <span class='ocrx_word' id='word_1_29' title='bbox 713 778 852 832; x_wconf 83' lang='lat' dir='ltr'>potius</span> <span class='ocrx_word' id='word_1_30' title='bbox 876 777 1020 819; x_wconf 84' lang='lat' dir='ltr'><strong>dixisse</strong></span> <span class='ocrx_word' id='word_1_31' title='bbox 1047 779 1264 834; x_wconf 86' lang='lat' dir='ltr'>superbum</span> 
     </span>
    </p>
   </div>
   <div class='ocr_carea' id='block_1_7' title="bbox 109 852 1376 1054">
    <p class='ocr_par' dir='ltr' id='par_1_7' title="bbox 109 852 1376 1054">
     <span class='ocr_line' id='line_1_9' title="bbox 278 852 1376 911; baseline 0.004 -16"><span class='ocrx_word' id='word_1_32' title='bbox 278 852 518 895; x_wconf 68' lang='lat' dir='ltr'>Convenit?</span> <span class='ocrx_word' id='word_1_33' title='bbox 574 854 744 894; x_wconf 80' lang='lat' dir='ltr'>alterius</span> <span class='ocrx_word' id='word_1_34' title='bbox 788 855 947 894; x_wconf 83' lang='lat' dir='ltr'>crimen</span> <span class='ocrx_word' id='word_1_35' title='bbox 984 862 1205 911; x_wconf 80' lang='lat' dir='ltr'>utrumque</span> <span class='ocrx_word' id='word_1_36' title='bbox 1247 866 1376 900; x_wconf 82' lang='lat' dir='ltr'>tenet.</span> 
     </span>
     <span class='ocr_line' id='line_1_10' title="bbox 109 926 1275 984; baseline 0.003 -15"><span class='ocrx_word' id='word_1_37' title='bbox 109 941 130 977; x_wconf 82' lang='lat'><em>5</em></span> <span class='ocrx_word' id='word_1_38' title='bbox 224 927 520 970; x_wconf 75' lang='lat' dir='ltr'>Transssuxere</span> <span class='ocrx_word' id='word_1_39' title='bbox 548 927 661 974; x_wconf 82' lang='lat' dir='ltr'>dies,</span> <span class='ocrx_word' id='word_1_40' title='bbox 691 926 734 967; x_wconf 85' lang='lat'>&amp;</span> <span class='ocrx_word' id='word_1_41' title='bbox 756 926 853 967; x_wconf 83' lang='lat' dir='ltr'>dum</span> <span class='ocrx_word' id='word_1_42' title='bbox 875 926 1065 982; x_wconf 85' lang='lat' dir='ltr'>scripfiffe</span> <span class='ocrx_word' id='word_1_43' title='bbox 1093 931 1275 984; x_wconf 84' lang='lat' dir='ltr'>priorem</span> 
     </span>
     <span class='ocr_line' id='line_1_11' title="bbox 277 999 1183 1054; baseline 0.002 -14"><span class='ocrx_word' id='word_1_44' title='bbox 277 999 480 1046; x_wconf 82' lang='lat' dir='ltr'>Poenitet,</span> <span class='ocrx_word' id='word_1_45' title='bbox 503 1006 678 1039; x_wconf 81' lang='lat' dir='ltr'>aeternas</span> <span class='ocrx_word' id='word_1_46' title='bbox 702 1000 785 1039; x_wconf 84' lang='lat' dir='ltr'>itur</span> <span class='ocrx_word' id='word_1_47' title='bbox 810 1000 852 1039; x_wconf 86' lang='lat' dir='ltr'>in</span> <span class='ocrx_word' id='word_1_48' title='bbox 875 999 1002 1054; x_wconf 87' lang='lat' dir='ltr'>usque</span> <span class='ocrx_word' id='word_1_49' title='bbox 1034 1014 1183 1042; x_wconf 75' lang='lat' dir='ltr'>moras,</span> 
     </span>
    </p>
   </div>
   <div class='ocr_carea' id='block_1_8' title="bbox 217 1073 1379 1130">
    <p class='ocr_par' dir='ltr' id='par_1_8' title="bbox 217 1073 1379 1130">
     <span class='ocr_line' id='line_1_12' title="bbox 217 1073 1379 1130; baseline 0.003 -14"><span class='ocrx_word' id='word_1_50' title='bbox 217 1074 296 1116; x_wconf 86' lang='lat' dir='ltr'>Sed</span> <span class='ocrx_word' id='word_1_51' title='bbox 325 1075 421 1129; x_wconf 83' lang='lat' dir='ltr'>quid</span> <span class='ocrx_word' id='word_1_52' title='bbox 450 1074 601 1129; x_wconf 74' lang='lat' dir='ltr'>agam?</span> <span class='ocrx_word' id='word_1_53' title='bbox 640 1073 811 1130; x_wconf 85' lang='lat' dir='ltr'>coepisse</span> <span class='ocrx_word' id='word_1_54' title='bbox 845 1083 957 1116; x_wconf 83' lang='lat' dir='ltr'>vetat</span> <span class='ocrx_word' id='word_1_55' title='bbox 989 1079 1223 1119; x_wconf 82' lang='lat' dir='ltr'>reverentia</span> <span class='ocrx_word' id='word_1_56' title='bbox 1244 1078 1379 1121; x_wconf 82' lang='lat' dir='ltr'>vestri.</span> 
     </span>
    </p>
   </div>
   <div class='ocr_carea' id='block_1_9' title="bbox 275 1149 943 1190">
    <p class='ocr_par' dir='ltr' id='par_1_9' title="bbox 275 1149 943 1190">
     <span class='ocr_line' id='line_1_13' title="bbox 275 1149 943 1190; baseline 0 -1"><span class='ocrx_word' id='word_1_57' title='bbox 275 1149 382 1189; x_wconf 86' lang='lat' dir='ltr'>Hinc</span> <span class='ocrx_word' id='word_1_58' title='bbox 411 1162 525 1188; x_wconf 87' lang='lat' dir='ltr'>arnor</span> <span class='ocrx_word' id='word_1_59' title='bbox 547 1149 735 1190; x_wconf 74' lang='lat' dir='ltr'>hortatur</span> <span class='ocrx_word' id='word_1_60' title='bbox 755 1149 943 1190; x_wconf 82' lang='lat' dir='ltr'>scribere.</span> 
     </span>
    </p>
   </div>
   <div class='ocr_carea' id='block_1_10' title="bbox 1000 1152 1286 1193">
    <p class='ocr_par' dir='ltr' id='par_1_10' title="bbox 1000 1152 1286 1193">
     <span class='ocr_line' id='line_1_14' title="bbox 1000 1152 1286 1193; baseline 0.01 -3"><span class='ocrx_word' id='word_1_61' title='bbox 1000 1152 1138 1192; x_wconf 76' lang='lat' dir='ltr'>vincat</span> <span class='ocrx_word' id='word_1_62' title='bbox 1159 1166 1286 1193; x_wconf 85' lang='lat' dir='ltr'>arnor.</span> 
     </span>
    </p>
   </div>
   <div class='ocr_carea' id='block_1_11' title="bbox 107 1211 1326 1360">
    <p class='ocr_par' dir='ltr' id='par_1_11' title="bbox 107 1211 1326 1360">
     <span class='ocr_line' id='line_1_15' title="bbox 217 1211 1213 1279; baseline 0.002 -12"><span class='ocrx_word' id='word_1_63' title='bbox 217 1225 322 1268; x_wconf 87' lang='lat' dir='ltr'>Fors</span> <span class='ocrx_word' id='word_1_64' title='bbox 355 1226 472 1279; x_wconf 80' lang='lat' dir='ltr'>juvat</span> <span class='ocrx_word' id='word_1_65' title='bbox 501 1211 720 1273; x_wconf 83' lang='lat' dir='ltr'>audentes,</span> <span class='ocrx_word' id='word_1_66' title='bbox 763 1225 836 1268; x_wconf 87' lang='lat' dir='ltr'>Cei</span> <span class='ocrx_word' id='word_1_67' title='bbox 857 1226 1059 1267; x_wconf 83' lang='lat' dir='ltr'>sententia</span> <span class='ocrx_word' id='word_1_68' title='bbox 1093 1229 1213 1269; x_wconf 83' lang='lat' dir='ltr'>vatis.</span> 
     </span>
     <span class='ocr_line' id='line_1_16' title="bbox 107 1300 1326 1360; baseline 0.002 -16"><span class='ocrx_word' id='word_1_69' title='bbox 107 1315 149 1344; x_wconf 81' lang='grc' dir='ltr'>ιο</span> <span class='ocrx_word' id='word_1_70' title='bbox 271 1300 359 1342; x_wconf 88' lang='lat' dir='ltr'>Hac</span> <span class='ocrx_word' id='word_1_71' title='bbox 382 1300 488 1342; x_wconf 88' lang='lat' dir='ltr'>duce</span> <span class='ocrx_word' id='word_1_72' title='bbox 517 1314 603 1342; x_wconf 90' lang='lat' dir='ltr'>non</span> <span class='ocrx_word' id='word_1_73' title='bbox 623 1301 833 1348; x_wconf 82' lang='lat' dir='ltr'>dubitem,</span> <span class='ocrx_word' id='word_1_74' title='bbox 860 1308 902 1343; x_wconf 88' lang='lat' dir='ltr'>te</span> <span class='ocrx_word' id='word_1_75' title='bbox 922 1303 1148 1351; x_wconf 82' lang='lat' dir='ltr'>reticente,</span> <span class='ocrx_word' id='word_1_76' title='bbox 1186 1304 1326 1360; x_wconf 85' lang='lat' dir='ltr'>loqui:</span> 
     </span>
    </p>
   </div>
   <div class='ocr_carea' id='block_1_12' title="bbox 126 1510 1217 1559">
    <p class='ocr_par' dir='ltr' id='par_1_12' title="bbox 126 1510 1217 1559">
     <span class='ocr_line' id='line_1_17' title="bbox 126 1510 1217 1559; baseline 0.001 -11"><span class='ocrx_word' id='word_1_77' title='bbox 126 1523 139 1548; x_wconf 83' lang='grc' dir='ltr'><strong>ι</strong></span> <span class='ocrx_word' id='word_1_78' title='bbox 166 1523 290 1557; x_wconf 72' lang='lat' dir='ltr'>quem,</span> <span class='ocrx_word' id='word_1_79' title='bbox 323 1522 465 1558; x_wconf 83' lang='lat' dir='ltr'>precor,</span> <span class='ocrx_word' id='word_1_80' title='bbox 496 1510 589 1553; x_wconf 58' lang='lat' dir='ltr'>hm,</span> <span class='ocrx_word' id='word_1_81' title='bbox 631 1523 733 1557; x_wconf 85' lang='lat' dir='ltr'>quem</span> <span class='ocrx_word' id='word_1_82' title='bbox 764 1511 841 1547; x_wconf 87' lang='lat' dir='ltr'>sunt</span> <span class='ocrx_word' id='word_1_83' title='bbox 861 1511 941 1548; x_wconf 80' lang='lat' dir='ltr'>hab.</span> <span class='ocrx_word' id='word_1_84' title='bbox 974 1516 1050 1549; x_wconf 76' lang='lat' dir='ltr'>MS.</span> <span class='ocrx_word' id='word_1_85' title='bbox 1074 1515 1217 1559; x_wconf 81' lang='lat' dir='ltr'>pulchre.</span> 
     </span>
    </p>
   </div>
   <div class='ocr_carea' id='block_1_13' title="bbox 122 1571 739 1618">
    <p class='ocr_par' dir='ltr' id='par_1_13' title="bbox 122 1571 739 1618">
     <span class='ocr_line' id='line_1_18' title="bbox 122 1571 739 1618; baseline 0.002 -11"><span class='ocrx_word' id='word_1_86' title='bbox 122 1574 175 1607; x_wconf 90' lang='lat' dir='ltr'>lit.</span> <span class='ocrx_word' id='word_1_87' title='bbox 192 1571 303 1607; x_wconf 86' lang='lat' dir='ltr'>nostra</span> <span class='ocrx_word' id='word_1_88' title='bbox 323 1575 366 1608; x_wconf 82' lang='lat' dir='ltr'>al.</span> <span class='ocrx_word' id='word_1_89' title='bbox 400 1582 514 1617; x_wconf 77' lang='lat' dir='ltr'>gratas</span> <span class='ocrx_word' id='word_1_90' title='bbox 533 1594 564 1601; x_wconf 91' lang='lat'>--</span> <span class='ocrx_word' id='word_1_91' title='bbox 581 1582 678 1618; x_wconf 82' lang='lat' dir='ltr'>grata</span> <span class='ocrx_word' id='word_1_92' title='bbox 695 1576 739 1608; x_wconf 85' lang='lat' dir='ltr'>al.</span> 
     </span>
    </p>
   </div>
   <div class='ocr_carea' id='block_1_14' title="bbox 813 1376 948 1426">
    <p class='ocr_par' dir='ltr' id='par_1_14' title="bbox 813 1376 948 1426">
     <span class='ocr_line' id='line_1_19' title="bbox 813 1376 948 1426; baseline 0 -9"><span class='ocrx_word' id='word_1_93' title='bbox 813 1376 948 1426; x_wconf 84' lang='lat' dir='ltr'>Rr4</span> 
     </span>
    </p>
   </div>
   <div class='ocr_carea' id='block_1_15' title="bbox 1338 1378 1486 1421">
    <p class='ocr_par' dir='ltr' id='par_1_15' title="bbox 1338 1378 1486 1421">
     <span class='ocr_line' id='line_1_20' title="bbox 1338 1378 1486 1421; baseline 0 -1"><span class='ocrx_word' id='word_1_94' title='bbox 1338 1378 1486 1421; x_wconf 86' lang='lat' dir='ltr'>Audax</span> 
     </span>
    </p>
   </div>
   <div class='ocr_carea' id='block_1_16' title="bbox 851 1523 1468 1615">
    <p class='ocr_par' dir='ltr' id='par_1_16' title="bbox 851 1523 1468 1615">
     <span class='ocr_line' id='line_1_21' title="bbox 1306 1523 1466 1560; baseline 0.006 -12"><span class='ocrx_word' id='word_1_95' title='bbox 1306 1523 1326 1549; x_wconf 84' lang='lat'>2</span> <span class='ocrx_word' id='word_1_96' title='bbox 1351 1524 1466 1560; x_wconf 75' lang='lat' dir='ltr'>gratas</span> 
     </span>
     <span class='ocr_line' id='line_1_22' title="bbox 851 1575 1468 1615; baseline 0.002 -7"><span class='ocrx_word' id='word_1_97' title='bbox 851 1584 870 1615; x_wconf 89' lang='lat'><em>5</em></span> <span class='ocrx_word' id='word_1_98' title='bbox 894 1584 946 1608; x_wconf 80' lang='lat' dir='ltr'>ter</span> <span class='ocrx_word' id='word_1_99' title='bbox 985 1575 1112 1609; x_wconf 83' lang='lat' dir='ltr'>fluxere</span> <span class='ocrx_word' id='word_1_100' title='bbox 1150 1577 1253 1610; x_wconf 72' lang='lat' dir='ltr'><em>MSS.</em></span> <span class='ocrx_word' id='word_1_101' title='bbox 1305 1585 1357 1609; x_wconf 87' lang='lat' dir='ltr'>tot</span> <span class='ocrx_word' id='word_1_102' title='bbox 1386 1575 1468 1611; x_wconf 85' lang='lat' dir='ltr'>flux.</span> 
     </span>
    </p>
   </div>
   <div class='ocr_carea' id='block_1_17' title="bbox 124 1633 1464 1803">
    <p class='ocr_par' dir='ltr' id='par_1_17' title="bbox 124 1633 1464 1803">
     <span class='ocr_line' id='line_1_23' title="bbox 124 1633 1464 1680; baseline 0.003 -13"><span class='ocrx_word' id='word_1_103' title='bbox 124 1633 331 1677; x_wconf 75' lang='lat' dir='ltr'>conj.Heinfi</span> <span class='ocrx_word' id='word_1_104' title='bbox 352 1633 617 1670; x_wconf 59' lang='lat' dir='ltr'>&amp;eMSIBar-th.</span> <span class='ocrx_word' id='word_1_105' title='bbox 638 1642 706 1668; x_wconf 82' lang='lat' dir='ltr'>tres</span> <span class='ocrx_word' id='word_1_106' title='bbox 726 1634 809 1668; x_wconf 87' lang='lat' dir='ltr'>flux.</span> <span class='ocrx_word' id='word_1_107' title='bbox 834 1637 897 1668; x_wconf 81' lang='lat' dir='ltr'>alia</span> <span class='ocrx_word' id='word_1_108' title='bbox 915 1636 999 1678; x_wconf 79' lang='lat' dir='ltr'>conj.</span> <span class='ocrx_word' id='word_1_109' title='bbox 1016 1637 1154 1678; x_wconf 77' lang='lat' dir='ltr'>I-Ieinfii‚</span> <span class='ocrx_word' id='word_1_110' title='bbox 1171 1637 1229 1680; x_wconf 82' lang='lat' dir='ltr'>sed</span> <span class='ocrx_word' id='word_1_111' title='bbox 1248 1637 1355 1669; x_wconf 78' lang='lat' dir='ltr'>minus</span> <span class='ocrx_word' id='word_1_112' title='bbox 1367 1637 1464 1678; x_wconf 81' lang='lat' dir='ltr'><em>felix.</em></span> 
     </span>
     <span class='ocr_line' id='line_1_24' title="bbox 171 1692 1411 1742; baseline 0.002 -15"><span class='ocrx_word' id='word_1_113' title='bbox 171 1705 193 1740; x_wconf 89' lang='lat'><strong>9</strong></span> <span class='ocrx_word' id='word_1_114' title='bbox 218 1693 316 1739; x_wconf 83' lang='lat' dir='ltr'>prisci</span> <span class='ocrx_word' id='word_1_115' title='bbox 334 1692 415 1728; x_wconf 84' lang='lat' dir='ltr'>sent.</span> <span class='ocrx_word' id='word_1_116' title='bbox 441 1695 536 1728; x_wconf 86' lang='lat' dir='ltr'>Vien.</span> <span class='ocrx_word' id='word_1_117' title='bbox 555 1707 657 1739; x_wconf 86' lang='lat' dir='ltr'><strong><em>marg.</em></strong></span> <span class='ocrx_word' id='word_1_118' title='bbox 684 1698 762 1729; x_wconf 80' lang='lat' dir='ltr'><em>Ald.</em></span> <span class='ocrx_word' id='word_1_119' title='bbox 783 1698 853 1739; x_wconf 61' lang='lat' dir='ltr'>Bas?</span> <span class='ocrx_word' id='word_1_120' title='bbox 879 1708 982 1741; x_wconf 83' lang='lat' dir='ltr'><strong><em>marg.</em></strong></span> <span class='ocrx_word' id='word_1_121' title='bbox 1003 1699 1095 1731; x_wconf 86' lang='lat' dir='ltr'><em>Clav.</em></span> <span class='ocrx_word' id='word_1_122' title='bbox 1126 1695 1208 1730; x_wconf 87' lang='lat' dir='ltr'>Chii</span> <span class='ocrx_word' id='word_1_123' title='bbox 1236 1698 1411 1742; x_wconf 73' lang='lat' dir='ltr'>Vien.BaJ1</span> 
     </span>
     <span class='ocr_line' id='line_1_25' title="bbox 493 1756 1073 1803; baseline 0.005 -14"><span class='ocrx_word' id='word_1_124' title='bbox 493 1757 597 1801; x_wconf 77' lang='lat' dir='ltr'><em>Junr.</em></span> <span class='ocrx_word' id='word_1_125' title='bbox 620 1756 682 1790; x_wconf 83' lang='lat' dir='ltr'>Cei</span> <span class='ocrx_word' id='word_1_126' title='bbox 701 1759 806 1791; x_wconf 81' lang='lat' dir='ltr'><em>MSS.</em></span> <span class='ocrx_word' id='word_1_127' title='bbox 840 1759 924 1792; x_wconf 85' lang='lat' dir='ltr'><em>Scal.</em></span> <span class='ocrx_word' id='word_1_128' title='bbox 953 1759 1073 1803; x_wconf 79' lang='lat' dir='ltr'>Heius.</span> 
     </span>
    </p>
   </div>
   <div class='ocr_carea' id='block_1_18' title="bbox 99 1898 768 2078">
    <p class='ocr_par' dir='ltr' id='par_1_18' title="bbox 99 1898 768 2078">
     <span class='ocr_line' id='line_1_26' title="bbox 148 1898 768 1944; baseline 0.002 -10"><span class='ocrx_word' id='word_1_129' title='bbox 148 1901 165 1918; x_wconf 71' lang='lat'>⁸</span> <span class='ocrx_word' id='word_1_130' title='bbox 188 1901 270 1934; x_wconf 86' lang='lat' dir='ltr'>Non</span> <span class='ocrx_word' id='word_1_131' title='bbox 310 1899 461 1934; x_wconf 82' lang='lat' dir='ltr'>dubium</span> <span class='ocrx_word' id='word_1_132' title='bbox 487 1900 558 1944; x_wconf 64' lang='lat' dir='ltr'>est,</span> <span class='ocrx_word' id='word_1_133' title='bbox 589 1912 669 1935; x_wconf 87' lang='lat' dir='ltr'>eum</span> <span class='ocrx_word' id='word_1_134' title='bbox 700 1898 768 1935; x_wconf 80' lang='lat' dir='ltr'>effe</span> 
     </span>
     <span class='ocr_line' id='line_1_27' title="bbox 103 1944 767 1991; baseline -0.002 -10"><span class='ocrx_word' id='word_1_135' title='bbox 103 1944 314 1986; x_wconf 82' lang='lat' dir='ltr'>Probinum,</span> <span class='ocrx_word' id='word_1_136' title='bbox 365 1947 464 1988; x_wconf 82' lang='lat' dir='ltr'>cujus</span> <span class='ocrx_word' id='word_1_137' title='bbox 503 1958 582 1979; x_wconf 87' lang='lat' dir='ltr'>cum</span> <span class='ocrx_word' id='word_1_138' title='bbox 616 1944 767 1991; x_wconf 87' lang='lat' dir='ltr'>Olybrio</span> 
     </span>
     <span class='ocr_line' id='line_1_28' title="bbox 99 1989 766 2036; baseline -0.001 -11"><span class='ocrx_word' id='word_1_139' title='bbox 99 1991 205 2026; x_wconf 81' lang='lat' dir='ltr'>fratre</span> <span class='ocrx_word' id='word_1_140' title='bbox 241 1989 457 2025; x_wconf 82' lang='lat' dir='ltr'>consulatum</span> <span class='ocrx_word' id='word_1_141' title='bbox 491 1989 686 2036; x_wconf 41' lang='lat' dir='ltr'>celebravit·</span> <span class='ocrx_word' id='word_1_142' title='bbox 705 2002 766 2025; x_wconf 90' lang='lat' dir='ltr'>no-</span> 
     </span>
     <span class='ocr_line' id='line_1_29' title="bbox 99 2034 440 2078; baseline 0.003 -8"><span class='ocrx_word' id='word_1_143' title='bbox 99 2037 169 2070; x_wconf 78' lang='lat' dir='ltr'>ster</span> <span class='ocrx_word' id='word_1_144' title='bbox 188 2047 255 2070; x_wconf 91' lang='lat' dir='ltr'>c.1.</span> <span class='ocrx_word' id='word_1_145' title='bbox 279 2034 333 2069; x_wconf 88' lang='lat' dir='ltr'>Cf.</span> <span class='ocrx_word' id='word_1_146' title='bbox 347 2048 378 2069; x_wconf 93' lang='lat' dir='ltr'>v.</span> <span class='ocrx_word' id='word_1_147' title='bbox 395 2045 440 2078; x_wconf 86' lang='lat'>¹3·</span> 
     </span>
    </p>
   </div>
   <div class='ocr_carea' id='block_1_19' title="bbox 103 2100 765 2282">
    <p class='ocr_par' dir='ltr' id='par_1_19' title="bbox 103 2100 765 2282">
     <span class='ocr_line' id='line_1_30' title="bbox 147 2100 765 2145; baseline 0 -10"><span class='ocrx_word' id='word_1_148' title='bbox 147 2111 165 2145; x_wconf 84' lang='lat'>3</span> <span class='ocrx_word' id='word_1_149' title='bbox 194 2103 343 2135; x_wconf 71' lang='lat' dir='ltr'>Timidus·</span> <span class='ocrx_word' id='word_1_150' title='bbox 359 2100 405 2135; x_wconf 86' lang='lat' dir='ltr'>est</span> <span class='ocrx_word' id='word_1_151' title='bbox 424 2100 567 2135; x_wconf 84' lang='lat' dir='ltr'>inferior</span> <span class='ocrx_word' id='word_1_152' title='bbox 583 2102 636 2135; x_wconf 85' lang='lat' dir='ltr'>vel</span> <span class='ocrx_word' id='word_1_153' title='bbox 647 2101 765 2135; x_wconf 85' lang='lat' dir='ltr'>humi-</span> 
     </span>
     <span class='ocr_line' id='line_1_31' title="bbox 104 2146 764 2188; baseline -0.002 -6"><span class='ocrx_word' id='word_1_154' title='bbox 104 2147 191 2188; x_wconf 77' lang='lat' dir='ltr'>lior,</span> <span class='ocrx_word' id='word_1_155' title='bbox 217 2146 238 2180; x_wconf 83' lang='lat' dir='ltr'>si</span> <span class='ocrx_word' id='word_1_156' title='bbox 270 2158 340 2181; x_wconf 91' lang='lat' dir='ltr'>non</span> <span class='ocrx_word' id='word_1_157' title='bbox 361 2146 464 2180; x_wconf 77' lang='lat' dir='ltr'>audet</span> <span class='ocrx_word' id='word_1_158' title='bbox 489 2146 634 2181; x_wconf 87' lang='lat' dir='ltr'>scribere</span> <span class='ocrx_word' id='word_1_159' title='bbox 651 2147 764 2181; x_wconf 78' lang='lat' dir='ltr'>amico</span> 
     </span>
     <span class='ocr_line' id='line_1_32' title="bbox 104 2191 763 2238; baseline 0.002 -12"><span class='ocrx_word' id='word_1_160' title='bbox 104 2193 246 2235; x_wconf 82' lang='lat' dir='ltr'>majori:</span> <span class='ocrx_word' id='word_1_161' title='bbox 297 2193 455 2236; x_wconf 79' lang='lat' dir='ltr'>superbiae</span> <span class='ocrx_word' id='word_1_162' title='bbox 484 2193 701 2238; x_wconf 81' lang='lat' dir='ltr'>imputatur,</span> <span class='ocrx_word' id='word_1_163' title='bbox 739 2191 763 2227; x_wconf 78' lang='lat' dir='ltr'>si</span> 
     </span>
     <span class='ocr_line' id='line_1_33' title="bbox 103 2238 631 2282; baseline 0 -10"><span class='ocrx_word' id='word_1_164' title='bbox 103 2239 215 2282; x_wconf 85' lang='lat' dir='ltr'>major</span> <span class='ocrx_word' id='word_1_165' title='bbox 244 2238 451 2271; x_wconf 81' lang='lat' dir='ltr'>intermittat</span> <span class='ocrx_word' id='word_1_166' title='bbox 469 2238 631 2273; x_wconf 84' lang='lat' dir='ltr'>officium.</span> 
     </span>
    </p>
   </div>
   <div class='ocr_carea' id='block_1_20' title="bbox 47 2288 769 2755">
    <p class='ocr_par' dir='ltr' id='par_1_20' title="bbox 99 2288 765 2484">
     <span class='ocr_line' id='line_1_34' title="bbox 134 2288 761 2350; baseline 0 -12"><span class='ocrx_word' id='word_1_167' title='bbox 134 2288 166 2344; x_wconf 52' lang='grc' dir='ltr'>,ς</span> <span class='ocrx_word' id='word_1_168' title='bbox 191 2305 271 2338; x_wconf 81' lang='lat' dir='ltr'>Dies</span> <span class='ocrx_word' id='word_1_169' title='bbox 284 2303 338 2337; x_wconf 88' lang='lat' dir='ltr'>hic</span> <span class='ocrx_word' id='word_1_170' title='bbox 360 2303 541 2338; x_wconf 84' lang='lat' dir='ltr'>indefinite</span> <span class='ocrx_word' id='word_1_171' title='bbox 569 2313 761 2350; x_wconf 79' lang='lat' dir='ltr'>ponuntur,</span> 
     </span>
     <span class='ocr_line' id='line_1_35' title="bbox 101 2349 765 2395; baseline 0.003 -13"><span class='ocrx_word' id='word_1_172' title='bbox 101 2360 166 2394; x_wconf 87' lang='lat' dir='ltr'>pro</span> <span class='ocrx_word' id='word_1_173' title='bbox 181 2349 287 2393; x_wconf 80' lang='lat' dir='ltr'>longo</span> <span class='ocrx_word' id='word_1_174' title='bbox 307 2359 474 2394; x_wconf 85' lang='lat' dir='ltr'>tempore.</span> <span class='ocrx_word' id='word_1_175' title='bbox 520 2352 669 2391; x_wconf 71' lang='lat' dir='ltr'>Paenitet,</span> <span class='ocrx_word' id='word_1_176' title='bbox 690 2362 765 2395; x_wconf 87' lang='lat' dir='ltr'>poe-</span> 
     </span>
     <span class='ocr_line' id='line_1_36' title="bbox 103 2393 762 2435; baseline 0.002 -7"><span class='ocrx_word' id='word_1_177' title='bbox 103 2406 147 2428; x_wconf 73' lang='lat' dir='ltr'>na</span> <span class='ocrx_word' id='word_1_178' title='bbox 165 2393 222 2435; x_wconf 85' lang='lat' dir='ltr'>est,</span> <span class='ocrx_word' id='word_1_179' title='bbox 247 2394 425 2428; x_wconf 84' lang='lat' dir='ltr'>molestum</span> <span class='ocrx_word' id='word_1_180' title='bbox 446 2393 512 2428; x_wconf 83' lang='lat' dir='ltr'>est:</span> <span class='ocrx_word' id='word_1_181' title='bbox 544 2405 665 2429; x_wconf 84' lang='lat' dir='ltr'>neuter</span> <span class='ocrx_word' id='word_1_182' title='bbox 684 2395 762 2429; x_wconf 80' lang='lat' dir='ltr'>vult</span> 
     </span>
     <span class='ocr_line' id='line_1_37' title="bbox 99 2439 262 2484; baseline -0.012 -11"><span class='ocrx_word' id='word_1_183' title='bbox 99 2439 262 2484; x_wconf 79' lang='lat' dir='ltr'>incipere.</span> 
     </span>
    </p>

    <p class='ocr_par' dir='ltr' id='par_1_21' title="bbox 47 2484 769 2755">
     <span class='ocr_line' id='line_1_38' title="bbox 149 2484 769 2527; baseline 0.003 -10"><span class='ocrx_word' id='word_1_184' title='bbox 149 2494 168 2526; x_wconf 89' lang='lat'><em>7</em></span> <span class='ocrx_word' id='word_1_185' title='bbox 199 2485 300 2527; x_wconf 72' lang='lat' dir='ltr'>Vestri</span> <span class='ocrx_word' id='word_1_186' title='bbox 321 2486 521 2526; x_wconf 77' lang='lat' dir='ltr'>reverentia,</span> <span class='ocrx_word' id='word_1_187' title='bbox 544 2484 587 2518; x_wconf 83' lang='lat' dir='ltr'>de</span> <span class='ocrx_word' id='word_1_188' title='bbox 616 2495 686 2519; x_wconf 87' lang='lat' dir='ltr'>uno</span> <span class='ocrx_word' id='word_1_189' title='bbox 706 2485 769 2519; x_wconf 80' lang='lat' dir='ltr'>de-</span> 
     </span>
     <span class='ocr_line' id='line_1_39' title="bbox 106 2529 765 2564; baseline 0.002 -2"><span class='ocrx_word' id='word_1_190' title='bbox 106 2529 268 2563; x_wconf 80' lang='lat' dir='ltr'>clinantis</span> <span class='ocrx_word' id='word_1_191' title='bbox 288 2531 324 2563; x_wconf 89' lang='lat' dir='ltr'>in</span> <span class='ocrx_word' id='word_1_192' title='bbox 343 2529 535 2564; x_wconf 75' lang='lat' dir='ltr'>barbariem</span> <span class='ocrx_word' id='word_1_193' title='bbox 564 2529 675 2564; x_wconf 82' lang='lat' dir='ltr'>saeculi</span> <span class='ocrx_word' id='word_1_194' title='bbox 697 2529 765 2563; x_wconf 83' lang='lat' dir='ltr'>est:</span> 
     </span>
     <span class='ocr_line' id='line_1_40' title="bbox 106 2575 763 2620; baseline 0.006 -14"><span class='ocrx_word' id='word_1_195' title='bbox 106 2585 317 2619; x_wconf 71' lang='lat' dir='ltr'>quamquam</span> <span class='ocrx_word' id='word_1_196' title='bbox 358 2575 416 2608; x_wconf 86' lang='lat' dir='ltr'>hie</span> <span class='ocrx_word' id='word_1_197' title='bbox 467 2585 601 2620; x_wconf 84' lang='lat' dir='ltr'>poterat</span> <span class='ocrx_word' id='word_1_198' title='bbox 637 2576 763 2620; x_wconf 85' lang='lat' dir='ltr'>aliquis</span> 
     </span>
     <span class='ocr_line' id='line_1_41' title="bbox 104 2617 763 2665; baseline 0.006 -14"><span class='ocrx_word' id='word_1_199' title='bbox 104 2617 288 2663; x_wconf 77' lang='lat' dir='ltr'>suspicari,</span> <span class='ocrx_word' id='word_1_200' title='bbox 320 2620 384 2654; x_wconf 88' lang='lat' dir='ltr'>hoc</span> <span class='ocrx_word' id='word_1_201' title='bbox 404 2621 492 2654; x_wconf 85' lang='lat' dir='ltr'>velle</span> <span class='ocrx_word' id='word_1_202' title='bbox 519 2624 678 2665; x_wconf 71' lang='lat' dir='ltr'>poetam,</span> <span class='ocrx_word' id='word_1_203' title='bbox 711 2622 763 2655; x_wconf 87' lang='lat' dir='ltr'>tui</span> 
     </span>
     <span class='ocr_line' id='line_1_42' title="bbox 107 2663 766 2711; baseline 0.006 -15"><span class='ocrx_word' id='word_1_204' title='bbox 107 2663 143 2696; x_wconf 75' lang='grc' dir='ltr'>ἃ</span> <span class='ocrx_word' id='word_1_205' title='bbox 166 2665 216 2698; x_wconf 84' lang='lat' dir='ltr'>tui</span> <span class='ocrx_word' id='word_1_206' title='bbox 230 2663 390 2698; x_wconf 74' lang='lat' dir='ltr'>similium</span> <span class='ocrx_word' id='word_1_207' title='bbox 410 2666 614 2705; x_wconf 82' lang='lat' dir='ltr'>reverentia,</span> <span class='ocrx_word' id='word_1_208' title='bbox 636 2675 676 2699; x_wconf 87' lang='lat' dir='ltr'>ut</span> <span class='ocrx_word' id='word_1_209' title='bbox 697 2666 766 2711; x_wconf 87' lang='lat' dir='ltr'>ipse</span> 
     </span>
     <span class='ocr_line' id='line_1_43' title="bbox 47 2708 764 2755; baseline 0.007 -13"><span class='ocrx_word' id='word_1_210' title='bbox 47 2742 51 2743; x_wconf 21' lang='lat'><em>⁷</em></span> <span class='ocrx_word' id='word_1_211' title='bbox 107 2708 253 2749; x_wconf 83' lang='lat' dir='ltr'>Cicero,</span> <span class='ocrx_word' id='word_1_212' title='bbox 293 2722 349 2743; x_wconf 85' lang='lat' dir='ltr'>vos</span> <span class='ocrx_word' id='word_1_213' title='bbox 378 2714 489 2755; x_wconf 78' lang='lat' dir='ltr'>magni</span> <span class='ocrx_word' id='word_1_214' title='bbox 520 2720 658 2745; x_wconf 81' lang='lat' dir='ltr'>oratores</span> <span class='ocrx_word' id='word_1_215' title='bbox 697 2714 764 2749; x_wconf 77' lang='lat' dir='ltr'>&amp;c-</span> 
     </span>
    </p>
   </div>
   <div class='ocr_carea' id='block_1_21' title="bbox 820 1900 1485 2077">
    <p class='ocr_par' dir='ltr' id='par_1_22' title="bbox 820 1900 1485 2077">
     <span class='ocr_line' id='line_1_44' title="bbox 822 1900 1482 1946; baseline 0.005 -12"><span class='ocrx_word' id='word_1_216' title='bbox 822 1902 877 1935; x_wconf 86' lang='lat' dir='ltr'>De</span> <span class='ocrx_word' id='word_1_217' title='bbox 916 1900 978 1935; x_wconf 81' lang='lat' dir='ltr'>ino</span> <span class='ocrx_word' id='word_1_218' title='bbox 1015 1911 1111 1935; x_wconf 84' lang='lat' dir='ltr'>more</span> <span class='ocrx_word' id='word_1_219' title='bbox 1145 1901 1301 1946; x_wconf 84' lang='lat' dir='ltr'>plurium</span> <span class='ocrx_word' id='word_1_220' title='bbox 1337 1912 1482 1938; x_wconf 82' lang='lat' dir='ltr'>numero</span> 
     </span>
     <span class='ocr_line' id='line_1_45' title="bbox 820 1947 1485 1992; baseline 0.005 -13"><span class='ocrx_word' id='word_1_221' title='bbox 820 1947 1052 1992; x_wconf 81' lang='lat' dir='ltr'>compellandi</span> <span class='ocrx_word' id='word_1_222' title='bbox 1071 1958 1194 1988; x_wconf 83' lang='lat' dir='ltr'>unum,</span> <span class='ocrx_word' id='word_1_223' title='bbox 1222 1958 1282 1981; x_wconf 86' lang='lat' dir='ltr'>nec</span> <span class='ocrx_word' id='word_1_224' title='bbox 1301 1947 1366 1981; x_wconf 81' lang='lat' dir='ltr'>sine</span> <span class='ocrx_word' id='word_1_225' title='bbox 1376 1948 1485 1982; x_wconf 86' lang='lat' dir='ltr'>Soloe-</span> 
     </span>
     <span class='ocr_line' id='line_1_46' title="bbox 820 1991 1484 2037; baseline 0.005 -13"><span class='ocrx_word' id='word_1_226' title='bbox 820 1991 921 2025; x_wconf 88' lang='lat' dir='ltr'>cismo</span> <span class='ocrx_word' id='word_1_227' title='bbox 940 2003 996 2025; x_wconf 69' lang='grc' dir='ltr'>τος</span> <span class='ocrx_word' id='word_1_228' title='bbox 1012 1993 1192 2035; x_wconf 58' lang='grc' dir='ltr'>αιίβςηηιτη</span> <span class='ocrx_word' id='word_1_229' title='bbox 1207 2020 1217 2034; x_wconf 88' lang='grc'><strong><em>,</em></strong></span> <span class='ocrx_word' id='word_1_230' title='bbox 1254 2005 1310 2026; x_wconf 80' lang='lat' dir='ltr'>vos</span> <span class='ocrx_word' id='word_1_231' title='bbox 1332 2003 1484 2037; x_wconf 80' lang='lat' dir='ltr'>procura-</span> 
     </span>
     <span class='ocr_line' id='line_1_47' title="bbox 821 2038 1480 2077; baseline 0.005 -8"><span class='ocrx_word' id='word_1_232' title='bbox 821 2046 951 2077; x_wconf 79' lang='lat' dir='ltr'>turum,</span> <span class='ocrx_word' id='word_1_233' title='bbox 975 2038 1064 2070; x_wconf 84' lang='lat' dir='ltr'>vohis</span> <span class='ocrx_word' id='word_1_234' title='bbox 1083 2040 1246 2071; x_wconf 74' lang='lat' dir='ltr'>recitante.</span> <span class='ocrx_word' id='word_1_235' title='bbox 1284 2038 1342 2072; x_wconf 84' lang='lat' dir='ltr'>vid</span> <span class='ocrx_word' id='word_1_236' title='bbox 1365 2038 1480 2072; x_wconf 76' lang='lat' dir='ltr'>Barth.</span> 
     </span>
    </p>
   </div>
   <div class='ocr_carea' id='block_1_22' title="bbox 755 2082 1479 2125">
    <p class='ocr_par' dir='ltr' id='par_1_23' title="bbox 755 2082 1479 2125">
     <span class='ocr_line' id='line_1_48' title="bbox 755 2082 1479 2125; baseline 0.004 -11"><span class='ocrx_word' id='word_1_237' title='bbox 755 2085 758 2088; x_wconf 59' lang='lat'><strong>⁴</strong></span> <span class='ocrx_word' id='word_1_238' title='bbox 820 2082 862 2115; x_wconf 81' lang='lat' dir='ltr'>ad</span> <span class='ocrx_word' id='word_1_239' title='bbox 892 2082 1002 2116; x_wconf 84' lang='lat' dir='ltr'>Rutii.</span> <span class='ocrx_word' id='word_1_240' title='bbox 1028 2082 1142 2116; x_wconf 84' lang='lat' dir='ltr'>itiner.</span> <span class='ocrx_word' id='word_1_241' title='bbox 1173 2094 1200 2124; x_wconf 77' lang='grc' dir='ltr'>ι,</span> <span class='ocrx_word' id='word_1_242' title='bbox 1229 2092 1280 2125; x_wconf 81' lang='lat'>35.</span> <span class='ocrx_word' id='word_1_243' title='bbox 1334 2084 1387 2117; x_wconf 89' lang='lat' dir='ltr'>De</span> <span class='ocrx_word' id='word_1_244' title='bbox 1417 2083 1479 2119; x_wconf 76' lang='lat' dir='ltr'>illa</span> 
     </span>
    </p>
   </div>
   <div class='ocr_carea' id='block_1_23' title="bbox 818 2127 1479 2219">
    <p class='ocr_par' dir='ltr' id='par_1_24' title="bbox 818 2127 1479 2219">
     <span class='ocr_line' id='line_1_49' title="bbox 818 2127 1479 2179; baseline 0.005 -19"><span class='ocrx_word' id='word_1_245' title='bbox 818 2127 953 2160; x_wconf 79' lang='lat' dir='ltr'>ratione</span> <span class='ocrx_word' id='word_1_246' title='bbox 997 2137 1168 2179; x_wconf 74' lang='lat' dir='ltr'>quantum</span> <span class='ocrx_word' id='word_1_247' title='bbox 1220 2129 1261 2162; x_wconf 80' lang='lat' dir='ltr'>ad</span> <span class='ocrx_word' id='word_1_248' title='bbox 1304 2129 1479 2173; x_wconf 84' lang='lat' dir='ltr'>principes</span> 
     </span>
     <span class='ocr_line' id='line_1_50' title="bbox 818 2171 1478 2219; baseline 0.005 -14"><span class='ocrx_word' id='word_1_249' title='bbox 818 2171 954 2207; x_wconf 82' lang='lat' dir='ltr'>Falster.</span> <span class='ocrx_word' id='word_1_250' title='bbox 967 2182 1134 2207; x_wconf 79' lang='lat' dir='ltr'>amoenitt.</span> <span class='ocrx_word' id='word_1_251' title='bbox 1145 2173 1280 2218; x_wconf 82' lang='lat' dir='ltr'>philon.</span> <span class='ocrx_word' id='word_1_252' title='bbox 1292 2175 1328 2208; x_wconf 88' lang='lat' dir='ltr'>P.</span> <span class='ocrx_word' id='word_1_253' title='bbox 1341 2183 1360 2207; x_wconf 89' lang='lat'>2</span> <span class='ocrx_word' id='word_1_254' title='bbox 1369 2182 1478 2219; x_wconf 84' lang='lat' dir='ltr'>p.195,</span> 
     </span>
    </p>
   </div>
   <div class='ocr_carea' id='block_1_24' title="bbox 816 2263 1479 2706">
    <p class='ocr_par' dir='ltr' id='par_1_25' title="bbox 816 2263 1479 2706">
     <span class='ocr_line' id='line_1_51' title="bbox 865 2263 1476 2308; baseline 0.002 -11"><span class='ocrx_word' id='word_1_255' title='bbox 865 2272 886 2306; x_wconf 90' lang='lat'>9</span> <span class='ocrx_word' id='word_1_256' title='bbox 910 2263 1086 2297; x_wconf 82' lang='lat' dir='ltr'>Sententia</span> <span class='ocrx_word' id='word_1_257' title='bbox 1106 2272 1186 2298; x_wconf 86' lang='lat' dir='ltr'>nota</span> <span class='ocrx_word' id='word_1_258' title='bbox 1206 2264 1306 2308; x_wconf 83' lang='lat' dir='ltr'>Virg.</span> <span class='ocrx_word' id='word_1_259' title='bbox 1328 2263 1414 2298; x_wconf 84' lang='lat' dir='ltr'>Aen.</span> <span class='ocrx_word' id='word_1_260' title='bbox 1426 2273 1476 2304; x_wconf 76' lang='lat'>10.</span> 
     </span>
     <span class='ocr_line' id='line_1_52' title="bbox 819 2307 1475 2352; baseline -0.002 -9"><span class='ocrx_word' id='word_1_261' title='bbox 819 2316 881 2350; x_wconf 66' lang='lat'>284</span> <span class='ocrx_word' id='word_1_262' title='bbox 914 2310 1076 2343; x_wconf 70' lang='lat' dir='ltr'>Audentes</span> <span class='ocrx_word' id='word_1_263' title='bbox 1089 2311 1229 2351; x_wconf 78' lang='lat' dir='ltr'>fortuna</span> <span class='ocrx_word' id='word_1_264' title='bbox 1256 2310 1352 2352; x_wconf 74' lang='lat' dir='ltr'>juvat</span> <span class='ocrx_word' id='word_1_265' title='bbox 1364 2325 1373 2343; x_wconf 94' lang='lat'>.·</span> <span class='ocrx_word' id='word_1_266' title='bbox 1414 2307 1475 2342; x_wconf 86' lang='lat' dir='ltr'>ubi</span> 
     </span>
     <span class='ocr_line' id='line_1_53' title="bbox 817 2353 1479 2398; baseline -0.006 -9"><span class='ocrx_word' id='word_1_267' title='bbox 817 2354 965 2389; x_wconf 86' lang='lat' dir='ltr'>Lacerda</span> <span class='ocrx_word' id='word_1_268' title='bbox 1003 2365 1130 2398; x_wconf 72' lang='lat' dir='ltr'>magno</span> <span class='ocrx_word' id='word_1_269' title='bbox 1167 2366 1312 2388; x_wconf 85' lang='lat' dir='ltr'>numero</span> <span class='ocrx_word' id='word_1_270' title='bbox 1347 2353 1479 2391; x_wconf 72' lang='lat' dir='ltr'>laudat,</span> 
     </span>
     <span class='ocr_line' id='line_1_54' title="bbox 817 2392 1478 2444; baseline -0.005 -11"><span class='ocrx_word' id='word_1_271' title='bbox 817 2400 878 2444; x_wconf 83' lang='lat' dir='ltr'>qui</span> <span class='ocrx_word' id='word_1_272' title='bbox 902 2392 1022 2434; x_wconf 62' lang='lat' dir='ltr'>simlia</span> <span class='ocrx_word' id='word_1_273' title='bbox 1043 2399 1205 2433; x_wconf 82' lang='lat' dir='ltr'>dixerint.</span> <span class='ocrx_word' id='word_1_274' title='bbox 1250 2400 1313 2433; x_wconf 82' lang='lat' dir='ltr'>Sed</span> <span class='ocrx_word' id='word_1_275' title='bbox 1326 2400 1422 2433; x_wconf 65' lang='lat' dir='ltr'>Chius</span> <span class='ocrx_word' id='word_1_276' title='bbox 1436 2408 1478 2431; x_wconf 77' lang='lat' dir='ltr'>an</span> 
     </span>
     <span class='ocr_line' id='line_1_55' title="bbox 819 2442 1478 2489; baseline -0.006 -9"><span class='ocrx_word' id='word_1_277' title='bbox 819 2449 897 2480; x_wconf 82' lang='lat' dir='ltr'>Ceus</span> <span class='ocrx_word' id='word_1_278' title='bbox 910 2454 1007 2485; x_wconf 73' lang='lat' dir='ltr'>vates,</span> <span class='ocrx_word' id='word_1_279' title='bbox 1020 2445 1080 2489; x_wconf 87' lang='lat' dir='ltr'>qui</span> <span class='ocrx_word' id='word_1_280' title='bbox 1095 2446 1167 2488; x_wconf 78' lang='lat' dir='ltr'>ejus</span> <span class='ocrx_word' id='word_1_281' title='bbox 1179 2445 1297 2478; x_wconf 54' lang='lat' dir='ltr'>aanor</span> <span class='ocrx_word' id='word_1_282' title='bbox 1306 2444 1355 2484; x_wconf 85' lang='lat' dir='ltr'>fit,</span> <span class='ocrx_word' id='word_1_283' title='bbox 1366 2442 1478 2477; x_wconf 86' lang='lat' dir='ltr'>nescio</span> 
     </span>
     <span class='ocr_line' id='line_1_56' title="bbox 817 2488 1476 2533; baseline -0.005 -9"><span class='ocrx_word' id='word_1_284' title='bbox 817 2501 860 2524; x_wconf 87' lang='lat' dir='ltr'>an</span> <span class='ocrx_word' id='word_1_285' title='bbox 872 2490 1002 2524; x_wconf 82' lang='lat' dir='ltr'>ostendi</span> <span class='ocrx_word' id='word_1_286' title='bbox 1016 2490 1124 2532; x_wconf 66' lang='lat' dir='ltr'>possit.</span> <span class='ocrx_word' id='word_1_287' title='bbox 1168 2491 1359 2523; x_wconf 76' lang='lat' dir='ltr'>Homerum</span> <span class='ocrx_word' id='word_1_288' title='bbox 1370 2500 1388 2522; x_wconf 89' lang='lat' dir='ltr'>a</span> <span class='ocrx_word' id='word_1_289' title='bbox 1399 2488 1476 2533; x_wconf 91' lang='lat' dir='ltr'>qui-</span> 
     </span>
     <span class='ocr_line' id='line_1_57' title="bbox 819 2534 1474 2580; baseline -0.003 -11"><span class='ocrx_word' id='word_1_290' title='bbox 819 2534 965 2569; x_wconf 79' lang='lat' dir='ltr'>busdam</span> <span class='ocrx_word' id='word_1_291' title='bbox 979 2536 1091 2570; x_wconf 81' lang='lat' dir='ltr'>Chium</span> <span class='ocrx_word' id='word_1_292' title='bbox 1102 2535 1226 2580; x_wconf 56' lang='lat' dir='ltr'>putam</span> <span class='ocrx_word' id='word_1_293' title='bbox 1247 2537 1340 2568; x_wconf 81' lang='lat' dir='ltr'>Ceum</span> <span class='ocrx_word' id='word_1_294' title='bbox 1358 2542 1474 2568; x_wconf 85' lang='lat' dir='ltr'>autem</span> 
     </span>
     <span class='ocr_line' id='line_1_58' title="bbox 816 2577 1476 2620; baseline 0 -7"><span class='ocrx_word' id='word_1_295' title='bbox 816 2579 881 2613; x_wconf 86' lang='lat' dir='ltr'>esse</span> <span class='ocrx_word' id='word_1_296' title='bbox 932 2579 1145 2613; x_wconf 82' lang='lat' dir='ltr'>Simonidem</span> <span class='ocrx_word' id='word_1_297' title='bbox 1167 2607 1176 2620; x_wconf 88' lang='lat'><strong>‚</strong></span> <span class='ocrx_word' id='word_1_298' title='bbox 1220 2578 1298 2612; x_wconf 80' lang='lat' dir='ltr'>satis</span> <span class='ocrx_word' id='word_1_299' title='bbox 1336 2577 1476 2613; x_wconf 81' lang='lat' dir='ltr'>constat.</span> 
     </span>
     <span class='ocr_line' id='line_1_59' title="bbox 819 2622 1479 2668; baseline -0.002 -9"><span class='ocrx_word' id='word_1_300' title='bbox 819 2627 922 2668; x_wconf 77' lang='lat' dir='ltr'>Prisci</span> <span class='ocrx_word' id='word_1_301' title='bbox 939 2624 1144 2658; x_wconf 70' lang='lat' dir='ltr'>facillimum</span> <span class='ocrx_word' id='word_1_302' title='bbox 1164 2622 1209 2658; x_wconf 86' lang='lat' dir='ltr'>est</span> <span class='ocrx_word' id='word_1_303' title='bbox 1222 2636 1233 2655; x_wconf 72' lang='lat' dir='ltr'>r</span> <span class='ocrx_word' id='word_1_304' title='bbox 1253 2623 1306 2657; x_wconf 86' lang='lat' dir='ltr'>sed</span> <span class='ocrx_word' id='word_1_305' title='bbox 1317 2623 1479 2659; x_wconf 66' lang='lat' dir='ltr'>IeCiiones</span> 
     </span>
     <span class='ocr_line' id='line_1_60' title="bbox 819 2668 1451 2706; baseline 0.002 -2"><span class='ocrx_word' id='word_1_306' title='bbox 819 2670 992 2704; x_wconf 82' lang='lat' dir='ltr'>faeillimae</span> <span class='ocrx_word' id='word_1_307' title='bbox 1012 2680 1090 2704; x_wconf 84' lang='lat' dir='ltr'>raro</span> <span class='ocrx_word' id='word_1_308' title='bbox 1108 2669 1235 2704; x_wconf 73' lang='lat' dir='ltr'>eaedem</span> <span class='ocrx_word' id='word_1_309' title='bbox 1258 2668 1335 2704; x_wconf 86' lang='lat' dir='ltr'>sunt</span> <span class='ocrx_word' id='word_1_310' title='bbox 1353 2680 1451 2706; x_wconf 68' lang='lat' dir='ltr'>vere.</span> 
     </span>
    </p>
   </div>
  </div>
 </body>
</html>
