1696 2942
227 144 304 179 666

515 141 600 184 CL.
659 141 1048 186 CLAUDIANI
1092 145 1138 209 ,L

145 249 165 283 ς
250 236 468 290 Complexi
498 239 683 278 manibus
711 237 839 277 fultos
871 241 1031 280 cervice
1049 250 1252 295 parentes,

312 311 524 351 Attollunt
549 312 709 356 vultus,
741 312 1052 367 accelerantque
1083 317 1245 368 gradus.

253 382 474 424 Grandaevi
497 385 660 437 gemina
685 384 875 426 sublimes
897 386 1011 439 prole
1046 386 1249 437 feruntur,

310 457 362 495 Et
391 470 485 496 cara
516 464 633 497 natos
673 458 915 512 implicuere
949 472 1075 499 mora.

252 530 401 572 Nonne
423 532 560 579 vides,
597 541 644 573 ut
678 532 781 573 saeva
811 534 934 573 senex
966 534 1154 574 incendia
1182 533 1410 577 monstret?

140 616 182 642 ιο
300 604 358 645 Ut
383 607 542 659 trepido
565 608 742 659 genitrix
778 609 946 649 invocet
972 621 1043 648 ore
1072 606 1217 648 Deos?

251 679 396 721 Erexit
425 681 602 722 formido
627 695 808 729 comam,
848 697 1002 738 perque
1023 696 1145 723 omne
1176 681 1388 726 metallum

301 756 429 797 Fusus
457 758 500 798 in
530 760 704 799 attonito
736 760 882 813 palluit
909 773 991 800 aere
1023 767 1192 799 tremor.

248 832 298 873 In
323 834 527 886 juvenum
565 836 759 876 membris
792 836 992 876 animosus
1025 837 1208 876 cernitur
1231 834 1390 884 horror,

306 906 442 960 Atque
463 909 579 948 oneri
609 918 819 956 metuenS‚
859 909 1165 964 impavidusque
1195 909 1264 949 sui.

144 979 194 1032 13}
251 980 433 1034 Rejec‘tae
459 991 582 1023 vento
608 984 860 1038 chlamydes.
889 985 1074 1025 dextram
1095 984 1244 1024 exserit
1263 983 1347 1035 ille,

308 1056 538 1098 Contentus
570 1058 674 1098 laeva
712 1059 933 1100 sustinuisse
965 1068 1135 1114 patrem.

248 1128 320 1170 Ast
343 1130 403 1170 illi
436 1132 620 1184 duplices
648 1133 689 1170 in
720 1132 875 1172 nodum
901 1133 1064 1187 colligit
1099 1133 1219 1176 ulnas

308 1203 476 1245 Cautior
508 1206 550 1245 in
569 1206 668 1245 sexu
690 1206 887 1246 debiliore
920 1207 1045 1247 labor.

250 1278 341 1320 Hoc
363 1293 526 1337 quoque
547 1281 791 1337 praeteriens
826 1281 959 1324 oculis
991 1294 1044 1323 ne
1078 1280 1185 1322 forte
1216 1281 1436 1336 relinquas,

1222 1361 1248 1375 ⁶
1335 1349 1521 1393 Artificis

163 1451 185 1484 6
212 1452 370 1486 attollant
393 1475 423 1482 --
446 1453 634 1487 accelerent
663 1456 764 1498 Jnnt.
794 1455 863 1496 Bas?
884 1455 925 1488 al.
949 1456 1044 1488 etiam
1071 1455 1181 1488 Barth.
1209 1454 1244 1492 ἑά
1261 1455 1412 1497 Heinfil.
1436 1455 1499 1489 Sed

162 1512 328 1544 attollunt
361 1534 424 1540 ----
460 1514 650 1546 accelerant
686 1514 755 1555 jam
805 1515 899 1547 Vien.
940 1515 1017 1547 Αἶά.
1052 1523 1091 1547 ut
1117 1513 1241 1547 tollant
1271 1513 1350 1555 conj.
1380 1514 1496 1557 Heius.

161 1578 180 1610 8
204 1572 292 1605 clar-1³
312 1574 380 1615 Bas.
401 1575 502 1617 Junt.
522 1575 603 1617 quod
622 1582 803 1617 corruptum
829 1586 864 1606 ex
892 1572 1003 1607 chara.
1098 1583 1129 1608 ιι
1151 1574 1274 1606 arrexit
1295 1573 1501 1617 conj.Heins.

165 1642 203 1668 12
234 1644 291 1667 ore
311 1634 407 1667 color
429 1637 520 1678 vulg,
554 1635 615 1668 Sed
642 1645 705 1667 aere
724 1644 852 1668 tremor
881 1636 974 1668 Vien.
992 1647 1093 1678 marg.
1111 1636 1188 1669 Alei.
1212 1635 1245 1671 ἐς
1263 1636 1363 1669 MSS.
1394 1634 1500 1668 timor

182 1695 252 1736 BaJZ
271 1705 374 1738 marg.
486 1703 521 1733 ις
544 1693 646 1738 erigit
667 1695 756 1737 vulg.
783 1694 892 1738 egerit
918 1695 1124 1738 Viammarg.
1151 1696 1252 1729 MSS.
1268 1705 1317 1739 ap.
1337 1695 1451 1741 Heinfi

497 1755 580 1789 unde
606 1755 662 1789 ille
692 1752 825 1795 exserit,
847 1755 929 1799 quod
943 1755 1054 1800 firmat
1081 1756 1156 1792 MS,

187 1889 205 1919 5
231 1881 344 1913 fultus
371 1879 504 1914 dicitur
533 1879 660 1924 aliquis
688 1891 727 1913 ea
752 1891 799 1921 re,

141 1924 177 1957 in
196 1935 264 1968 qua
284 1924 372 1957 sedet
392 1925 477 1958 utin
496 1926 634 1959 throno.
682 1926 737 1958 Sic
752 1935 802 1966 ιο,

142 1979 199 2008 152
223 1971 293 2002 Hoc
315 1972 451 2013 navigat
468 1971 544 2011 ostro
566 1972 659 2003 Fulta
676 1974 804 2005 Venus.-

139 2014 175 2048 &
198 2025 249 2056 24„
265 2025 324 2057 199
347 2017 429 2048 Solio
444 2017 556 2057 fultus
584 2017 711 2049 eburno.

186 2069 205 2100 7
230 2060 380 2091 Sublimis
395 2087 403 2100 ,
428 2060 488 2104 qui
509 2059 656 2104 pedibus
678 2070 804 2094 terram

141 2115 211 2138 non
235 2104 404 2147 attingere
425 2104 545 2147 potest,
569 2115 607 2137 ut
630 2106 665 2138 in
678 2116 805 2139 comoe-

141 2149 230 2185 diis.
271 2149 331 2192 qui
355 2151 506 2192 sublimes
542 2152 715 2193 rapiuntur
750 2150 804 2186 vel

141 2204 358 2238 arrzpmntur.

194 2250 221 2273 n
258 2241 446 2283 Nunquam
485 2238 682 2283 pulchrior,
715 2250 804 2272 nun-

141 2295 246 2330 quam
265 2284 375 2329 magis
396 2286 497 2328 poeta
515 2283 730 2317 Claudianus
746 2283 801 2324 est,

143 2341 247 2375 quam
275 2330 312 2363 in
333 2329 490 2373 pisturis.
535 2329 658 2361 Timor
687 2338 801 2362 totum

140 2386 267 2418 corpus
304 2374 456 2408 timentis
504 2373 682 2409 oervadit:
746 2373 802 2406 hie

136 2421 232 2464 fufiu
271 2419 317 2454 est
354 2418 397 2454 ab
434 2418 565 2454 artifice
600 2430 661 2463 per
690 2428 803 2453 totum

146 2465 338 2500 metallum.

190 2521 222 2553 13
257 2511 412 2544 Horroris
443 2509 571 2544 indicia
598 2508 674 2542 sunt
698 2509 802 2543 etiam

149 2556 186 2589 in
226 2557 391 2599 juvenum
427 2553 586 2588 vultibus
627 2555 663 2588 δε
693 2553 801 2599 gestu,

140 2599 197 2634 sed
226 2602 320 2644 ejus,
354 2599 415 2645 qui
444 2600 597 2634 animum
623 2610 691 2632 non
712 2598 801 2642 deji-

140 2646 230 2686 ciat,
252 2645 306 2679 sed
325 2657 394 2679 una
411 2656 489 2681 cum
509 2645 588 2688 pilis
609 2645 737 2688 erigat,
762 2653 801 2677 ut

142 2691 407 2736 gallinaciorum.
448 2690 538 2727 collo
567 2690 724 2739 plumaS,
762 2689 801 2726 in

857 1878 1004 1914 canibus
1031 1879 1068 1914 δι
1096 1879 1188 1925 apris
1218 1880 1321 1920 setas,
1353 1887 1518 1924 tanquam

857 1925 927 1958 tela
974 1924 1017 1958 ad
1059 1926 1324 1969 repugnandum
1359 1924 1521 1958 videmus

860 1970 948 2014 erigi
965 1983 972 2002 :
996 1969 1088 2004 unde
1100 1971 1202 2003 etiam
1222 1972 1347 2004 horrere
1364 1972 1444 2006 acies
1465 1969 1519 2005 di-

860 2025 989 2051 cuntur
1019 2026 1038 2049 a
1068 2014 1208 2049 sublatis
1228 2015 1341 2050 armis.

907 2115 942 2146 ῐς
969 2107 1102 2148 Rejeezae
1137 2113 1232 2139 vento
1264 2105 1438 2147 chlamydes
1463 2105 1520 2148 J'u-

860 2162 989 2184 venum
1018 2150 1104 2184 mihi
1127 2161 1195 2182 non
1216 2150 1361 2194 placent.
1381 2148 1516 2182 Adver-

861 2195 895 2230 so
916 2205 1040 2236 vento,
1067 2195 1121 2228 vel
1141 2193 1269 2229 summa
1289 2204 1379 2228 certe
1398 2193 1519 2227 celeri-

859 2249 928 2273 tate
965 2238 1179 2273 currentibus
1207 2249 1245 2272 ut
1279 2238 1341 2282 ipsi
1374 2244 1518 2272 ventum

860 2284 919 2317 fibi
943 2283 1120 2318 adversum
1143 2284 1225 2316 nixu
1247 2282 1305 2316 suo
1333 2282 1517 2316 videantur

859 2328 988 2369 facere,
1033 2327 1141 2373 potest
1169 2327 1232 2362 hoc
1267 2329 1427 2367 evenire,
1459 2327 1516 2361 sed

859 2385 929 2408 non
964 2376 1073 2418 potest
1105 2374 1140 2406 in
1171 2373 1249 2414 his,
1301 2374 1360 2416 qui
1380 2384 1519 2406 currere

859 2428 1001 2463 propter
1031 2430 1118 2453 onus
1141 2429 1210 2451 non
1238 2417 1397 2462 poffunt,
1429 2429 1516 2462 quos

859 2463 1024 2505 flammae,
1086 2475 1136 2496 uae
1164 2463 1292 2507 semper
1328 2460 1447 2496 flatum
1477 2463 1515 2497 δε

859 2519 1001 2542 ventum
1025 2508 1067 2541 ha
1095 2518 1146 2549 et,
1181 2520 1198 2540 a
1221 2518 1317 2552 tergo
1344 2507 1518 2553 persequi-

858 2563 925 2587 tur.
971 2553 1109 2586 Deinde
1158 2553 1305 2596 impositi
1351 2552 1516 2594 humeris,

851 2597 1021 2631 ‘haei-entes
1059 2608 1157 2642 tergo
1200 2598 1307 2632 vetuli
1358 2608 1516 2643 parentes

857 2644 972 2677 volare
991 2643 1190 2689 chlamydas
1208 2643 1242 2676 ἃ
1264 2641 1415 2678 ludibria
1435 2652 1517 2677 ven·

855 2689 899 2725 tis
919 2687 983 2723 esse
1010 2700 1080 2722 non
1107 2688 1300 2734 patiuntur.
