1696 2942
276 98 349 141 DE
407 95 639 138 RAPTU
694 95 1006 140 PROSERP.
1062 97 1258 141 LIB.II
1308 113 1377 152 559

219 195 399 246 Boi-anti,
426 193 648 248 proeveffus
678 208 815 249 equa„
866 194 934 237 Sic
952 196 1058 243 fata,
1096 196 1252 238 doloris

217 269 355 323 Carpit
384 267 495 323 figna
527 268 600 309 sui.

670 269 820 312 Varios
848 277 935 310 tum
962 277 1111 311 caetera
1140 271 1264 312 saltus

213 344 401 385 Invasere
423 343 584 384 cohors.
644 343 796 385 Credas
817 346 1007 386 examina
1034 345 1154 387 fundi

104 430 162 467 ης
210 418 430 474 Hyblaeum
460 425 622 471 raptura
648 418 863 474 thymum,
894 403 989 460 cum
1019 434 1138 461 cerea
1166 434 1287 476 reges

219 491 354 533 Castra
375 499 556 538 movent,
585 492 751 546 fagique
772 507 870 534 cava
902 494 1091 535 demissus
1114 495 1162 535 ab
1183 496 1276 536 alvo

210 566 390 607 Mellifer
430 565 573 607 eleffis
611 568 820 607 exercitus
864 567 1058 622 obstrepit
1091 569 1246 610 herbis.
1281 572 1284 574 ’

209 639 423 681 Pratorum
442 640 633 694 spoliatur
663 640 811 680 honos.

601 715 706 754 hanc
737 714 874 755 mollis
904 729 1110 757 amaracus
1143 723 1287 758 ornat:

211 714 368 755 Intexit
401 716 545 756 violis:

867 641 966 682 Haec
995 642 1081 682 lilia
1108 642 1231 683 fuscis

100 800 164 836 130
204 788 304 829 Haec
324 789 505 842 graditur
536 787 691 828 stellata
711 785 833 835 rofis;
863 787 951 828 haec
981 789 1068 828 alba
1096 789 1289 843 ligustris.

212 863 276 904 Te
299 876 463 917 quoque
482 861 689 903 flebilibus
713 875 896 902 moerens
910 891 923 910 ,
952 863 1213 919 Hyacinthe,
1239 863 1400 919 figuris,

207 934 513 988 Narcissumque
535 942 720 982 metunt,
751 948 861 975 nunc
893 936 1036 976 inclita
1066 938 1251 991 germina
1270 939 1393 985 veriS,

206 1009 447 1051 Praestantes
480 1010 579 1050 olim
599 1023 761 1064 pueros.

817 1019 862 1051 tu
898 1017 1016 1052 natus
1040 1011 1230 1066 Amyclis
1245 1025 1257 1053 ε

206 1084 329 1126 Hune
358 1083 534 1124 Helicon
570 1084 727 1138 genuit.
758 1090 800 1124 te
818 1083 915 1125 disci
947 1085 1126 1139 perculit
1157 1098 1293 1126 error:

1350 1158 1471 1202 Hunc

93 1267 181 1307 '5122
192 1263 374 1309 proveetus
391 1266 433 1298 al,
457 1264 644 1309 praevestus
661 1267 770 1308 firmat
788 1264 882 1298 etiam
902 1266 1030 1298 aliunde
1050 1267 1165 1310 Heius.
1188 1267 1321 1300 cruoris
1350 1268 1451 1302 MSS.

120 1310 249 1345 doloris
296 1311 332 1343 in
360 1311 502 1343 omnibus
540 1312 640 1344 MSS.
683 1313 739 1352 effe
773 1320 882 1344 contra
919 1312 1114 1344 Politianum
1155 1320 1262 1345 tuetur
1301 1314 1450 1358 Parrhas.

240 1364 295 1395 125
327 1365 488 1400 carptura
519 1357 588 1397 cuj.

698 1365 749 1397 ¹32
783 1355 940 1400 gramina
967 1358 1056 1400 vulg.
1088 1357 1244 1400 germina
1268 1358 1339 1401 jam

536 1402 606 1445 Bas:
625 1412 728 1445 marg.
746 1402 784 1434 it.
797 1402 904 1435 Plant.
918 1413 1020 1447 marg.

92 1538 144 1569 ce,
184 1527 318 1570 Lucifer
344 1527 461 1561 Latine
501 1526 639 1567 dicitur,
683 1539 753 1561 cum

92 1575 314 1616 antegreditur
344 1574 466 1611 Solem,
499 1583 567 1604 cum
591 1574 754 1617 subsequi-

93 1628 146 1652 tur
165 1628 289 1658 antem,
314 1620 480 1661 Hesperos.
525 1617 624 1650 Rene
645 1618 754 1662 igitur

91 1662 311 1707 distinguunt
353 1665 464 1696 Poetae
506 1662 614 1694 Deam
647 1674 665 1696 a
693 1663 751 1697 suo

91 1708 215 1742 fidere:
248 1708 336 1742 τεᾶε
365 1706 458 1752 apud
488 1707 610 1740 Silium
622 1713 663 1750 ⁸7,
684 1707 750 1752 639

93 1755 197 1788 Oeam·
216 1762 386 1787 renovatus
406 1753 538 1794 Lucifer
559 1754 644 1786 unda
664 1755 750 1786 Lau-

91 1801 187 1832 datur
211 1800 349 1838 Veneri,
372 1797 460 1831 rotie
481 1808 527 1837 12,
545 1807 604 1840 247
631 1798 750 1832 eodem

89 1843 182 1879 sensu
222 1855 265 1885 12,
285 1853 346 1887 247
393 1843 574 1884 Cythereius
601 1845 688 1888 iguis
718 1865 749 1872 --

87 1892 171 1934 sese
197 1891 315 1923 Veneri
341 1890 451 1931 justat.

136 1945 187 1969 122
215 1937 322 1977 Equus
333 1945 443 1968 rorans
465 1933 607 1977 pulchre
626 1932 750 1968 tribui-

89 1988 148 2013 tur
169 1978 348 2019 Lucifero‚
373 1978 467 2023 quod
489 1989 608 2019 mane,
633 1978 746 2013 sereno

90 2024 175 2058 caelo
212 2034 266 2058 ros
301 2024 435 2057 exsistit.
506 2025 606 2067 Signa
633 2026 747 2058 doloris

90 2070 236 2103 Veneris
257 2068 333 2103 sunt
354 2079 524 2102 anemonae
545 2079 585 2102 ex
612 2068 749 2113 sangui-

87 2125 131 2148 ne
150 2114 323 2148 Adonidis
344 2114 385 2148 ab
405 2115 463 2148 illa
483 2115 644 2147 excitatae.
667 2114 747 2149 Vid.

86 2160 193 2194 Ovid.
220 2162 302 2193 Met.
334 2166 465 2202 10‚728.
512 2160 601 2192 Nam
630 2158 746 2193 fabula

85 2204 129 2238 de
149 2204 219 2239 rosa
240 2217 257 2238 e
277 2204 440 2249 sanguine
473 2203 576 2248 ipsius
605 2206 746 2239 Veneris

90 2259 191 2291 nata,
216 2262 291 2294 quae
305 2250 426 2295 pedem
445 2249 551 2294 spinis
573 2250 743 2292 induerat,

81 2294 175 2330 forte
213 2296 382 2329 recentior
417 2294 483 2329 est:
525 2305 616 2329 certe
654 2297 744 2329 anti-

87 2341 194 2384 quior
236 2340 330 2374 illius
378 2341 495 2375 anastor
539 2339 744 2384 Aphthonio

82 2387 184 2430 Prog.
207 2396 224 2420 2
256 2397 325 2420 non
347 2386 507 2420 laudatus
530 2397 548 2419 a
571 2386 742 2420 Politiano

76 2429 180 2464 -Misc.
192 2442 218 2464 e.
234 2442 272 2465 ιι.

128 2486 173 2517 131
201 2477 379 2518 Hyacinthi
397 2475 431 2508 &
445 2477 580 2517 Nat-ciffi
597 2475 744 2515 fabulas,

21 2521 25 2523 ⁴
84 2521 168 2564 quia
193 2523 391 2554 communia
420 2521 577 2565 quaedarn
601 2520 740 2563 habent,

82 2565 226 2599 venuste
275 2565 334 2599 sibi
385 2566 536 2599 invicem
586 2567 739 2600 innostit.

79 2609 140 2642 Ille
167 2611 203 2642 in
229 2610 303 2644 lusu
340 2610 423 2644 disci
459 2622 538 2645 cum
574 2611 740 2655 Apolline

76 2663 227 2689 amatore
246 2654 306 2689 suo
324 2655 444 2698 elisus3
475 2656 545 2698 hic,
564 2655 639 2701 post
656 2666 741 2691 con—

810 1536 954 1561 temtum
973 1526 1088 1561 Echus
1106 1538 1256 1562 amorem
1270 1557 1278 1570 ‚
1301 1528 1366 1563 suae
1385 1530 1470 1565 ima-

810 1573 899 1606 uinis
923 1573 959 1605 in
983 1571 1076 1605 fonte
1102 1573 1177 1606 visse
1214 1585 1327 1609 amore
1353 1587 1470 1610 conta-

809 1602 942 1651 ssescens
964 1618 1086 1661 periit.-
1117 1629 1260 1663 uterque
1286 1621 1321 1653 in
1351 1620 1469 1655 florem

808 1662 857 1696 sui
888 1663 1037 1697 nominis
1067 1673 1218 1697 mutatus
1236 1663 1292 1698 est.
1316 1667 1471 1711 Hyacin-

807 1707 857 1741 thi
880 1707 1031 1741 fabulam
1056 1719 1169 1742 narrat
1191 1710 1295 1744 Ovid.
1316 1712 1400 1746 Met.
1413 1721 1467 1754 10,

808 1753 874 1795 163,
899 1753 1040 1786 Narcissi
1054 1763 1082 1794 3,
1095 1763 1162 1798 339.

851 1808 897 1840 ¹33
946 1801 1086 1840 Amyclis
1101 1826 1109 1838 ,
1159 1801 1325 1835 Laconica
1370 1803 1469 1845 urbe,

807 1853 926 1877 natum
962 1843 1043 1876 facit
1069 1845 1306 1889 Hyacinthum
1338 1846 1471 1881 noster:

806 1889 862 1921 alii
886 1889 1058 1933 Amyclae,
1091 1890 1283 1925 conditoris
1306 1893 1471 1937 Amycla-

803 1944 881 1967 rum
894 1933 1014 1967 filium.
1059 1934 1171 1969 Sed&
1192 1936 1259 1970 alia
1280 1937 1335 1971 hic
1346 1939 1468 1980 multa,

807 1988 846 2011 ut
866 1979 958 2018 solet,
983 1978 1157 2021 dissensio,
1182 1981 1225 2014 de
1245 1993 1313 2025 qua
1333 1983 1379 2016 est
1391 1995 1469 2017 eru-

803 2023 875 2057 dita
906 2023 1094 2068 disputatio
1116 2027 1304 2061 Burmanni
1327 2028 1368 2061 ad
1392 2029 1414 2063 1.
1435 2041 1465 2064 e.

801 2070 857 2102 cui
889 2069 970 2102 addi
1000 2069 1119 2114 potest⁷
1153 2082 1171 2104 a
1200 2073 1353 2107 Colutho
1377 2081 1464 2119 p.82

801 2114 837 2147 in
855 2113 1010 2148 Neandri
1031 2126 1135 2160 opere
1155 2127 1277 2159 aure0,
1301 2122 1460 2153 Carneum

800 2160 941 2202 vocari,
973 2161 1131 2204 κάρυον,
1164 2162 1200 2196 ὃῑ
1231 2164 1341 2198 civem
1362 2167 1462 2208 Αμυ-

798 2206 932 2240 κλαίων.

846 2260 901 2294 ¹34
945 2252 1085 2285 Helicon
1134 2252 1287 2296 genuisse
1333 2255 1463 2289 dicitur

798 2294 1005 2336 Narcissum,
1025 2296 1060 2330 in
1082 2299 1180 2340 cujus
1210 2299 1338 2333 vicinia
1361 2311 1463 2334 natus

801 2339 866 2381 est,
890 2342 1021 2385 Cephz'ffi
1053 2343 1130 2384 (vel
1153 2345 1293 2387 Cephisi.-
1326 2346 1460 2379 variant

797 2387 889 2419 enim
919 2385 999 2420 libri
1025 2385 1188 2432 ubique)
1227 2388 1337 2431 fluvii⁷
1362 2391 1398 2423 in
1421 2389 1461 2424 fi—

796 2430 899 2464 nibus
926 2432 1093 2465 Phocidos
1117 2433 1152 2466 &
1170 2435 1311 2468 Boeotiae
1350 2436 1462 2470 lacum

795 2476 987 2521 Copaicum
1017 2476 1218 2518 influentis,
1254 2490 1294 2512 ex
1324 2481 1462 2525 Liriope

794 2521 960 2566 Nympha
989 2521 1094 2555 filius.
1140 2524 1253 2556 Etiam
1280 2524 1344 2558 hie
1369 2527 1441 2559 mul

796 2575 864 2599 tam
901 2565 1099 2600 fabularum
1140 2568 1340 2605 varietatem
1371 2572 1460 2608 Bur-

795 2622 943 2645 mannus
962 2611 1144 2647 indicavit.
