1696 2942
288 131 356 173 712
604 115 694 159 σι.
735 112 1118 158 CLAUDIANI
1154 114 1188 159 c

209 227 232 265 ς
318 215 526 257 Permutat
555 212 747 268 lymphas
781 213 824 252 in
854 212 949 251 vina
983 195 1180 267 liquetitia
1209 212 1404 264 ChristuS,

373 283 466 331 Quo
498 281 674 334 primum
692 276 800 319 fausto
831 277 871 317 se
892 278 1035 332 probat
1060 277 1139 329 esse
1165 279 1310 320 Deum.

320 371 510 422 Quinque
533 367 701 421 explent
719 379 866 420 panes,
896 365 1024 420 pisces
1047 367 1152 414 duo,
1180 369 1306 409 millia
1317 369 1518 424 quinque:

377 433 430 475 Et
460 433 573 473 Deus
609 445 663 471 ex
690 444 815 485 parvo
846 432 940 485 plus
981 431 1178 486 superesse
1202 434 1330 487 jubet.

318 523 462 566 Editus
501 536 555 562 ex
591 528 711 562 utero
747 534 880 561 caecus
913 535 1019 561 nova
1058 521 1212 563 lumina
1242 522 1371 572 senfit,

214 599 256 627 10
384 588 436 628 Et
473 586 607 641 stupet
635 587 825 640 ignotum
859 585 899 626 se
931 585 1118 628 meruiffe
1156 588 1277 628 diem.

327 678 505 721 Lazarus
541 693 564 719 e
590 677 772 725 tumulo,
810 677 969 719 Christo
1001 679 1268 729 inclamante,
1290 679 1473 736 resurgit,

376 745 430 786 Et
458 747 568 788 durae
600 747 744 787 mortis
776 745 844 785 lex
875 743 1048 785 resoluta
1075 745 1195 798 perit.

319 833 544 881 Nutantem
578 835 708 889 quatit
729 834 837 875 unda
868 832 1055 873 Petrum:
1083 833 1152 873 cui
1171 831 1352 874 Christus
1371 834 1415 874 in
1437 833 1518 875 alto

370 899 425 940 Et
453 901 595 941 dextra
627 899 780 955 gressus
811 897 966 945 firmat,
1006 897 1049 939 δι
1074 912 1144 938 ore
1175 896 1326 953 {idemq

216 999 253 1038 ¹5
322 988 552 1045 Exs'anguis
597 989 744 1032 Christi
783 989 989 1044 contingit
1015 988 1167 1028 femina
1197 989 1375 1031 vestem:

379 1055 466 1097 Stat
487 1070 607 1097 cruor
630 1057 674 1097 in
695 1057 838 1096 venis:
874 1054 924 1095 fit
955 1055 1155 1095 medicina
1187 1053 1303 1096 fides.

324 1145 454 1194 Jussus
484 1147 573 1201 post
610 1147 762 1187 multos
793 1147 973 1201 graditur
1003 1147 1252 1201 paralyticus
1275 1160 1417 1194 annos,

381 1214 634 1264 Mirandum,
672 1213 769 1256 lefti
791 1214 968 1268 portitor
998 1213 1081 1267 ipse
1108 1213 1180 1254 sui.

874 1463 906 1505 C

573 1553 606 1581 L
657 1538 748 1580 IN
795 1537 1204 1580 SIRENAS*

267 1591 451 1688 Dulce
482 1638 634 1680 malum
662 1639 809 1694 pelago
840 1637 980 1684 Siren,
1009 1635 1277 1690 volucresque
1297 1637 1470 1691 puellae,

321 1706 522 1761 Scyllaeos
544 1706 652 1747 inter
674 1706 874 1753 fremitus,
903 1705 1140 1759 avidamque
1163 1702 1413 1757 Charybdin,

323 1773 474 1816 Mufica
494 1773 585 1813 saxa
613 1773 729 1815 fretis
749 1773 986 1814 habitabant
1014 1772 1151 1812 dulcia
1172 1769 1361 1811 monstra.

324 1841 476 1882 Blanda
505 1840 657 1895 pericla
683 1841 805 1881 maris
819 1853 831 1889 3
860 1848 993 1880 terror
1013 1852 1174 1894 quoque
1196 1845 1336 1892 gratus
1355 1839 1399 1879 in
1419 1841 1553 1884 undis.

211 1917 234 1957 ς
326 1908 484 1949 Delatis
512 1908 612 1949 licet
641 1908 722 1949 huc
743 1907 998 1949 incumberet
1021 1919 1118 1947 aura
1146 1905 1308 1953 carinis,

319 1973 636 2030 Implefi'entque
665 1973 773 2016 finus
811 1974 925 2014 venti
957 1973 1007 2012 de
1048 1985 1187 2027 puppe
1223 1971 1418 2021 ferentes,

322 2039 358 2081 F
361 2040 497 2093 igebat
527 2055 610 2081 vox
640 2054 722 2082 una
748 2048 898 2081 ratem:
947 2053 1024 2080 nec
1058 2039 1226 2079 tendere
1254 2046 1415 2080 certum
1487 2036 1502 2043 '⁴

319 2102 558 2146 Dele&abat
590 2107 668 2146 iter
701 2106 878 2152 redituS‚
909 2105 1127 2159 odiumque
1144 2105 1334 2160 juvabat:

321 2170 410 2213 Nec
435 2170 552 2211 dolor
570 2171 678 2212 ullus
697 2177 796 2212 erat.
833 2177 1008 2210 mortem
1030 2171 1147 2212 dabat:
1169 2171 1252 2226 ipsa
1271 2171 1475 2226 voluptas,

294 2321 318 2358 7
339 2322 492 2359 coeptum
520 2314 601 2357 conj.
626 2315 742 2358 Heinfi
793 2317 916 2359 Nempe
945 2323 1048 2347 ortum
1075 2312 1271 2355 est'certum
1297 2325 1334 2347 ex
1348 2314 1491 2358 neglectu

633 2360 875 2404 diphthongi&
901 2371 917 2392 r
935 2360 1138 2404 longiusculo.
1177 2370 1179 2372 ·

251 2435 270 2451 ⁹
293 2435 374 2469 Non
387 2434 445 2476 est,
468 2433 562 2479 quod
582 2434 638 2468 hic
657 2433 862 2478 adjiciamus
917 2443 1006 2469 extr.
1050 2437 1175 2468 Ancora
1185 2435 1222 2468 (le
1237 2444 1332 2478 prora
1346 2435 1478 2477 jacitur,
1487 2434 1579 2476 stant

205 2478 282 2524 post
301 2491 338 2514 ea
351 2507 360 2521 ‚
385 2492 460 2525 quae
480 2479 581 2514 habet
598 2478 668 2526 ipse
687 2478 799 2514 noster
808 2479 862 2523 36,
917 2481 1010 2530 {itm-e
1024 2490 1154 2524 puppes.
1182 2481 1274 2524 Ergo
1293 2479 1461 2513 stantibus
1472 2480 1580 2514 etiam

186 2525 373 2569 ‘190.204.
391 2526 454 2566 256
918 2536 955 2559 m
985 2534 1088 2568 portu
1117 2523 1286 2565 navibus,
1331 2525 1579 2570 intelliguntur

253 2570 276 2603 6
299 2571 560 2604 Meminerimus
597 2570 702 2604 moris
740 2579 862 2605 nauta·
917 2571 1009 2604 venti
1036 2571 1073 2603 de
1096 2579 1197 2613 puppe
1213 2570 1367 2611 ferentes.

207 2622 286 2648 rum
312 2614 355 2648 ab
373 2615 444 2661 ipso
469 2614 578 2649 statim
606 2613 750 2660 appulsu
771 2626 863 2660 pup-
961 2621 982 2654 8
1007 2615 1127 2649 Odium
1158 2624 1196 2648 ac
1223 2614 1364 2648 taedium
1391 2623 1576 2650 nautarum

202 2669 282 2703 pem
312 2659 516 2695 obvertendi
541 2660 679 2707 pelago.
724 2661 861 2706 Virg.6
917 2659 1003 2694 alias
1023 2657 1069 2694 est
1090 2669 1185 2694 mora
1214 2659 1353 2704 longior
1377 2659 1446 2695 &c.

1509 2702 1577 2746 CI
