1696 2942
288 135 378 178 :626

609 130 698 173 CL.
747 129 1128 174 CLAUDIANI
1163 132 1238 174 XL

324 227 549 282 Praeliaque
566 227 726 267 altisoni
758 226 941 267 referens
959 215 1172 283 Phlegraeu
1200 231 1349 281 mariti,

385 303 584 344 Titanum
611 300 760 342 frattae,
790 301 1066 357 Enceladique
1093 305 1239 345 minas.

329 374 452 416 Ilicet
483 374 662 413 adventu
695 371 862 414 noflTem
891 373 1058 427 dignata
1083 375 1266 429 jugalem

216 460 264 496 30
388 445 561 487 Addidit
589 445 788 499 augendis
820 459 991 486 munera
1010 445 1116 487 sacra
1135 448 1265 488 toris:

325 520 497 564 Munera
519 520 712 560 mortales
734 533 820 559 non
840 520 1099 560 admittentia
1125 520 1290 561 cultus:

378 593 569 639 Munera,
617 605 711 646 quae
742 592 849 633 solos
879 592 939 632 fas
969 591 1148 633 habuisse
1185 593 1310 634 Deos.

324 667 405 710 Sed
433 668 541 724 quod
570 667 769 709 Threicio
809 667 916 716 Juno
948 668 1158 723 placabilis
1189 668 1363 723 Orphei,

385 742 475 784 Hoc
500 743 656 796 poteris
685 743 794 783 votis
820 740 928 789 esse,
958 740 1132 790 Serena,
1161 742 1279 782 meis.

214 828 256 868 33
320 816 439 860 Illius
458 814 696 870 exspectent
724 815 964 857 famulantia
993 814 1120 857 sidera
1151 823 1324 857 nutum:

379 889 460 933 Sub
483 891 654 945 pedibus
689 892 848 945 regitur
870 900 980 932 terra
1002 891 1234 946 fretumque
1265 890 1362 932 tuis.

328 966 424 1009 Non
445 978 548 1019 ego,
591 978 685 1005 cum
721 972 908 1019 peterem
943 964 1101 1006 solenni
1124 978 1238 1005 more
1257 976 1492 1019 procorum,

385 1035 556 1079 Promisi
583 1036 778 1092 gregibus
812 1037 958 1092 pascua
982 1038 1105 1092 plena
1136 1038 1267 1078 meis:

239 1221 282 1256 28
305 1213 420 1249 fra-stis
446 1235 477 1243 -ο
499 1212 604 1247 minis
626 1214 720 1247 malit
751 1213 865 1256 Heius:

236 1279 318 1313 deas
338 1279 417 1322 conj.
438 1279 552 1322 Heins.

645 1286 681 1319 33
706 1276 846 1321 Orpheo
866 1277 909 1310 al.
927 1287 985 1321 per
1013 1278 1187 1320 Syniz-efin.

1511 1110 1600 1153 Nec

1379 1223 1416 1256 32
1439 1213 1524 1248 solas
1546 1235 1579 1243 --

1266 1287 1304 1320 35
1329 1279 1465 1322 explent
1486 1279 1582 1313 illius

965 1222 1009 1258 29
1033 1223 1184 1247 montem
1212 1216 1288 1248 MS.

237 1344 276 1376 it.
300 1342 397 1377 illius
420 1341 559 1386 explent
574 1341 676 1375 MSS.
700 1339 797 1373 illius
816 1339 994 1385 expestent
1026 1352 1061 1374 ex
1082 1342 1182 1375 MSS.
1205 1342 1319 1385 Heius.
1348 1341 1444 1375 illius
1465 1342 1581 1387 expel-

239 1405 311 1440 lent
338 1407 413 1440 MS.
447 1403 627 1448 expestant
650 1405 741 1447 vulg.

337 1468 462 1503 teritur
488 1467 590 1500 MSS.

264 1603 303 1637 27
325 1594 381 1626 De
395 1593 569 1636 Phlegraeis
588 1593 772 1638 gigantum
792 1604 876 1637 prae-

216 1640 275 1674 liis
303 1638 373 1672 vid.
408 1637 449 1671 ad
478 1648 525 1680 37,
554 1649 607 1673 20.
684 1640 879 1673 Enceladum

219 1683 286 1718 esse
314 1694 423 1718 unum
453 1684 618 1716 Titanum
635 1711 644 1724 ‚
679 1694 802 1718 uotum
823 1682 879 1717 est.

152 1759 159 1766 .
217 1729 280 1765 Illa
308 1729 432 1773 copula
459 1740 532 1762 eam
551 1729 622 1762 vim
642 1728 763 1769 habet,
800 1740 837 1762 ac
858 1728 880 1762 si

218 1773 375 1814 dixisset,
441 1775 474 1810 ἃς
506 1775 682 1818 praesertim
719 1776 882 1808 Enceladi.

218 1822 310 1853 Inter
349 1818 480 1863 Orphei
533 1828 735 1863 argumenta
784 1818 882 1852 fuisse

219 1865 324 1898 etiam
344 1864 677 1908 Gigantomacliian,
709 1864 885 1898 indicatur

219 1911 354 1954 Argon.
371 1919 402 1944 12
425 1910 460 1943 ἃ
484 1919 545 1952 427
572 1908 632 1943 ubi
656 1909 724 1954 ipse
745 1909 832 1944 dicit
852 1910 882 1943 se

218 1953 376 1990 cecinisse
398 1957 567 1997 Γιγάντων
605 1952 672 1998 ἔργ’
697 1954 835 1996 didm-1.

268 2030 310 2065 29
345 2023 436 2054 Ilicet
469 2021 633 2054 ultimum
669 2021 782 2060 aetum
826 2022 879 2056 vel

220 2067 369 2112 gradum
391 2067 520 2109 negotii
534 2067 679 2109 alicujus
700 2067 878 2112 significat,

219 2111 294 2158 post
319 2121 421 2155 quem
441 2112 486 2143 ire
505 2112 588 2144 licet.
634 2112 688 2144 Sic
710 2113 812 2146 modo
826 2114 879 2146 in-

218 2165 390 2200 terpretor
408 2155 519 2188 Plant.
530 2155 631 2200 Epid.
643 2166 703 2196 5‚2.
715 2167 752 2200 ¹9
776 2160 882 2192 Ilicet,-

219 2201 439 2235 vadimonium
470 2202 555 2233 ultro
586 2202 667 2234 mihi
702 2203 755 2235 hic
782 2204 879 2244 facit.

216 2247 312 2280 Idem
334 2244 402 2279 fere
424 2244 608 2289 significat,
641 2256 677 2279 ac
698 2246 719 2279 si
740 2246 880 2287 diceres,

220 2291 316 2338 Quid
356 2290 515 2335 pluribus
544 2301 632 2335 opus
668 2291 745 2324 est?
792 2291 879 2335 quid

220 2337 372 2384 quaeris'?
396 2336 518 2370 Gallus
547 2336 694 2377 diceret,
729 2339 835 2379 Enfin.

264 2414 306 2447 30
333 2406 468 2447 Augere,
485 2412 524 2435 ut
534 2403 666 2436 maflare
683 2401 826 2436 verbum
845 2403 881 2436 in

218 2447 350 2484 honore
366 2448 467 2481 etiam
489 2448 644 2481 Deorum
665 2447 879 2492 usurp-atum,

220 2494 276 2528 hic
306 2495 400 2527 velut
428 2492 612 2526 descendit.
679 2494 773 2526 Dum
802 2505 879 2527 mu-

219 2551 302 2573 nere
322 2539 467 2581 honorat
495 2548 631 2580 torum,
653 2538 751 2572 simul
776 2548 878 2584 auget

219 2584 434 2618 felicitatem.

261 2640 292 2672 3¹
320 2632 480 2669 Munera,
502 2626 628 2672 quibus
658 2639 758 2664 nemo
785 2640 873 2664 mor-

220 2675 302 2711 talis
330 2675 441 2710 colere
464 2673 573 2708 alium
601 2673 722 2719 potest.

831 1402 872 1446 36
891 1403 1024 1448 tegitur
1043 1405 1133 1447 vulg.
1169 1405 1230 1438 Sed
1251 1403 1384 1448 regitur
1404 1405 1477 1447 jam
1499 1406 1576 1440 Alfi.

709 1471 747 1508 38
772 1466 848 1499 laeta
868 1467 945 1500 MS.
977 1465 1047 1499 tuis
1067 1468 1144 1500 MS.
1178 1465 1245 1500 suis
1275 1467 1357 1510 conj.
1377 1469 1492 1512 Heius:

980 1603 1016 1636 35
1040 1591 1228 1637 Splendida
1260 1592 1436 1633 adulatio,
1473 1603 1512 1627 ut
1541 1594 1601 1629 illa

935 1637 1132 1683 Virgiliana
1162 1639 1301 1681 divisitm
1332 1640 1499 1682 imperinm
1530 1652 1602 1673 cum

936 1684 1025 1727 Jove
1039 1684 1263 1727 Caesurhabet:
1284 1684 1336 1716 vel
1349 1684 1534 1725 Hor,Od.3,
1546 1694 1575 1724 5.
1589 1697 1599 1719 ι

938 1731 1018 1762 Caelo
1063 1738 1224 1762 tonantem
1263 1730 1452 1763 credidimus
1478 1731 1600 1773 Jovem

938 1777 1105 1817 Regnare,
1144 1777 1280 1818 praesens
1309 1775 1405 1808 divus
1434 1775 1601 1809 habebitur

940 1820 1116 1863 Augustus.

984 1908 1024 1951 36
1049 1907 1186 1942 Debent
1206 1908 1275 1943 haec
1303 1920 1344 1943 eo
1368 1908 1490 1954 scripta
1515 1920 1600 1943 tem-

939 1966 1020 1999 pore
1043 1953 1126 1995 esse,
1151 1967 1221 1997 quo
1245 1956 1280 1987 in
1301 1953 1437 1999 fastigio
1459 1954 1524 1989 fuit
1542 1957 1600 1989 Se—

938 2011 1025 2033 renae
1054 2000 1089 2033 δε
1122 1999 1321 2033 Stilichonis
1350 2001 1509 2045 conjugis
1527 2003 1600 2044 ejus

937 2045 1114 2090 potentia,
1157 2045 1276 2089 paullo
1317 2045 1390 2090 post
1417 2045 1599 2081 Theodosii

936 2100 1081 2124 mortem
1096 2118 1104 2130 ⁷
1123 2101 1203 2124 cum
1226 2100 1320 2124 tutor
1331 2091 1383 2124 vel
1402 2091 1599 2135 utriusque,

938 2135 992 2169 vel
1028 2135 1229 2169 Occidentis
1261 2145 1350 2170 certe
1381 2135 1451 2170 five*
1474 2137 1600 2181 J-Iono-

937 2181 1023 2214 riani
1055 2182 1192 2226 imperii
1210 2181 1267 2214 ille
1295 2179 1394 2214 esset:
1425 2193 1504 2215 cum
1527 2183 1597 2224 jam

937 2236 1041 2269 gener
1066 2227 1197 2259 Serenae
1230 2224 1310 2259 esset
1329 2227 1529 2267 Honorius,
1555 2236 1596 2261 ut

935 2280 1077 2314 apparet
1096 2281 1135 2303 ex
1155 2282 1186 2304 v.
1198 2281 1253 2310 50.
1299 2272 1380 2304 Non
1400 2270 1468 2305 solo
1483 2281 1597 2306 autem

936 2315 1092 2358 conjugii
1124 2316 1263 2349 nomine
1292 2325 1330 2348 ut
1348 2318 1482 2360 Reginae
1511 2318 1596 2351 adu-

934 2359 1027 2392 latur
1045 2361 1194 2401 Serenae,
1227 2360 1280 2394 sed
1310 2370 1451 2405 propter
1469 2373 1596 2396 coena-

934 2405 1062 2438 tionem
1092 2415 1193 2449 atque
1228 2405 1448 2450 adoptionem
1483 2391 1596 2441 Tssieo-

937 2449 1018 2483 dosii
1047 2451 1160 2494 patrui
1192 2449 1251 2484 sui.
1297 2453 1459 2485 Ceterum
1489 2463 1594 2486 terra-

936 2505 1012 2527 rum
1033 2495 1068 2529 &
1089 2496 1191 2529 maris
1210 2496 1387 2540 quoddam
1407 2497 1595 2542 imperium

934 2540 1073 2584 affignat
1101 2542 1230 2575 Serenae
1259 2542 1400 2586 antiqua
1428 2543 1465 2576 in
1484 2545 1595 2588 Impe-

932 2586 1100 2665 gaftoriam
1157 2586 1328 2622 familiam
1383 2587 1593 2624 adulatione.

980 2641 1030 2665 .v.
1040 2640 1095 2675 59.
1593 2657 1596 2659 -
