1696 2942
624 97 743 149 ἙἏ)
770 101 818 148 *
843 95 964 147 ⁶5&-
1333 107 1398 148 713

112 187 1476 238 Ηψψψψψψψῴψψψψψψψψψψψ

747 354 804 398 CI

462 487 786 533 ANONYMI
836 489 1106 533 POETAE

193 617 675 692 LAUDES
761 622 1380 696 HERCULIS

169 792 434 922 Pieridum
461 822 674 870 columen,
706 821 821 876 cujus
853 821 1048 864 Parnaffia
1080 837 1232 879 magno

287 901 465 943 Numine
486 899 638 954 templa
657 898 810 947 sonant,
831 899 929 941 laeto
941 914 1088 955 precor
1109 901 1190 944 huc
1201 917 1291 958 age,
1309 902 1478 950 Phoebe,

217 977 281 1020 Te
301 978 505 1031 conjunge
527 976 680 1016 choro:
706 977 931 1031 penetralia
951 976 1084 1020 sanfta
1113 978 1310 1027 sororum,

212 1053 266 1096 Et
290 1066 399 1093 nova
430 1050 622 1093 Castalios
642 1051 786 1093 latices
815 1065 890 1108 per
921 1065 1015 1094 rura
1049 1061 1261 1109 petentem

102 1138 125 1180 ς
209 1126 556 1181 Hippocrenaeum
591 1124 790 1167 vinorem
830 1125 1011 1168 infistere
1047 1127 1206 1169 fontem

210 1199 279 1242 Me
297 1199 374 1240 fac.
403 1212 577 1254 namque
601 1205 713 1240 tuam
732 1212 816 1240 non
845 1213 955 1241 nunc
980 1213 1114 1242 novus
1145 1201 1300 1242 advena
1320 1201 1481 1243 turbam

210 1271 690 1327 Ingredior,1laur0sque
723 1285 893 1326 gerens,
931 1271 974 1314 &
1003 1271 1130 1313 florea
1156 1273 1272 1313 sertis

212 1345 422 1402 Tempora
451 1346 588 1389 vineta
606 1348 687 1388 tuis
709 1347 923 1389 ᾱοᾶοωῐη
954 1362 1124 1390 munera
1157 1356 1310 1405 vatum.

212 1420 359 1463 Testor
379 1420 507 1462 adhuc
534 1427 695 1461 veteres
712 1423 896 1476 quamvis
925 1422 1112 1463 desuetus
1133 1422 1327 1463 honores.

103 1507 146 1537 ιο
270 1495 436 1536 Alcides
465 1493 568 1535 mihi
601 1508 764 1536 carmen
784 1496 886 1544 erit,
915 1509 1108 1550 germana
1127 1495 1337 1537 Tonantis

214 1567 437 1623 Progenies
452 1598 463 1615 ,
493 1568 642 1623 dignus
670 1568 781 1609 credi
810 1567 898 1623 post
922 1569 1076 1611 viscera
1093 1569 1259 1611 Numen

213 1637 383 1693 Semper
417 1639 468 1679 ob
494 1639 712 1680 immensos
739 1639 884 1682 invicti
913 1641 1074 1682 roboris
1113 1640 1247 1681 aestus.

267 1714 356 1757 Nec
374 1713 479 1756 nasci
498 1712 671 1769 potuifi'e
694 1721 822 1756 vacat.
878 1715 984 1758 Nam
1002 1715 1108 1757 lucis
1138 1715 1182 1756 in
1203 1713 1312 1769 ipfis,

879 1804 919 1848 Y
936 1820 969 1861 y
993 1816 1014 1856 ς
1312 1804 1479 1855 Inclite,‘
1533 1823 1535 1825 ¹

122 1928 142 1961 5
165 1919 426 1964 Hippocreneos
461 1939 506 1946 --
527 1917 638 1953 fontes
673 1921 727 1952 vel
755 1919 1000 1964 Hippocreneo
1027 1939 1076 1948 --—
1096 1916 1184 1953 fonti
1208 1920 1265 1952 Me
1295 1917 1347 1952 fas
1373 1918 1456 1961 conj.

123 1983 240 2026 Heius.
351 1982 372 2015 6
405 1992 480 2015 me:
534 1979 693 2026 famaque
738 1984 831 2016 Vien.
868 1983 939 2026 Bas.
992 1983 1066 2016 Pul.
1111 1992 1165 2016 me
1189 1980 1350 2026 fameque
1376 1981 1456 2016 Ala.

109 2041 118 2045 ”
214 2050 235 2085 8
257 2043 326 2080 suis
352 2045 434 2089 conj.
452 2045 567 2089 Heius:
658 2055 699 2079 ιο
721 2046 876 2087 Romana
899 2047 991 2081 Vien.
1021 2047 1092 2091 Bas}
1123 2046 1201 2081 Αἶά.
1233 2046 1344 2079 le'zr.

489 2116 525 2142 ιε
548 2117 642 2143 artus
652 2110 706 2142 vel
729 2108 824 2143 aetus
836 2112 916 2151 conj.
929 2110 1046 2153 Heinfi

149 2256 169 2289 5
189 2245 407 2282 Intolerabile
425 2247 471 2282 est
481 2259 559 2283 cum
578 2247 676 2282 litera
686 2258 763 2282 mu-
815 2247 920 2283 beret.
965 2247 1244 2287 Alteram‘ffliius
1262 2245 1476 2290 opinionem,

105 2294 221 2338 giente
237 2294 470 2338 Polyptoton,
500 2294 594 2338 quod
615 2294 674 2328 vix
691 2306 761 2328 rne-
816 2304 963 2340 puerum
984 2291 1104 2334 fuisse,
1127 2292 1253 2326 refellit
1281 2291 1390 2335 ipsum
1411 2292 1477 2326 hoe

105 2339 234 2373 diocris
263 2342 363 2383 poeta
389 2338 572 2374 admiserit.
648 2339 759 2373 Etiam
816 2339 1011 2378 exordium,
1034 2338 1096 2372 nist
1108 2338 1277 2375 dieamus,
1298 2337 1382 2371 adeo
1393 2348 1479 2382 pue·

105 2383 194 2417 illud
208 2385 328 2426 Mefac
340 2395 409 2419 non
427 2385 551 2429 placer.
597 2384 662 2418 Sed
674 2383 761 2428 quid
817 2395 892 2419 rum
910 2383 1021 2426 fuisse,
1043 2384 1095 2419 uti
1117 2383 1227 2416 senem
1246 2381 1276 2414 se
1296 2381 1454 2426 fingeret.

104 2427 238 2462 dederit
257 2431 371 2471 Poeta,
390 2440 461 2463 non
478 2429 634 2464 dixerim.
658 2431 764 2463 Clau·
863 2441 891 2464 ιι
918 2431 989 2471 Post
1017 2430 1138 2473 viscera
1168 2425 1270 2460 debet
1287 2426 1478 2470 significare

106 2471 251 2508 dianum
274 2473 338 2507 esse
366 2475 564 2516 meterem,
588 2473 673 2509 mihi
691 2485 763 2509 non
817 2474 928 2509 statim
958 2474 1001 2508 ab
1020 2483 1119 2507 utero
1137 2472 1173 2506 &
1201 2472 1395 2506 nativitate.
1418 2470 1477 2507 Cf.

106 2516 147 2550 fit
175 2518 372 2563 probabile3
403 2529 462 2554 aut
480 2520 630 2554 Claverii
660 2518 766 2565 suspi-
818 2533 850 2554 v.
869 2526 911 2560 88
944 2521 1015 2562 Post
1031 2519 1178 2552 membra.
1224 2517 1333 2559 Aestus
1359 2525 1476 2551 autem

105 2562 160 2596 cio
190 2574 271 2598 vera
296 2563 422 2606 fuerit,
455 2564 565 2600 senem
594 2562 694 2599 fuiffe
725 2565 766 2599 &⁵
817 2565 893 2600 sunt
924 2564 1058 2599 labores
1086 2564 1122 2597 &
1149 2572 1332 2605 aemmne,
1355 2572 1397 2597 ut
1416 2573 1479 2600 vo·

111 2605 243 2643 viribus
275 2608 468 2653 defectum,
496 2621 575 2646 cum
606 2609 667 2645 ista
686 2607 766 2645 seti-
817 2611 890 2660 cati
909 2609 1039 2651 solent.
1062 2607 1234 2644 Herculis.
1469 2608 1474 2610 ’
