1696 2942
273 118 348 158 504
574 108 662 152 CL.
704 107 1091 152 CLAUDIANI
1125 106 1277 151 XXIX

309 204 468 248 Primus
485 204 630 245 honos.
687 203 864 246 Gemino
885 219 982 246 mox
1004 205 1114 249 idem
1138 205 1318 245 culmine
1340 203 1458 245 duxit

308 279 510 333 Agmina:
532 269 844 334 commissosque
869 280 980 324 labor
1001 279 1054 323 fic
1071 279 1188 334 gestit
1214 279 1406 325 honores,

205 362 273 402 195
320 355 372 395 Ut
393 355 547 409 semper
572 357 720 397 merito
739 356 931 412 princeps
951 368 1047 398 cum
1063 368 1208 410 magna
1227 353 1410 402 dedisset,

311 427 491 468 Deberet
523 427 673 484 majora
707 435 856 468 tamen.
916 426 959 467 Si
994 427 1139 469 bellica
1171 427 1302 468 nubes

313 501 554 555 Ingrueret,
596 504 780 556 quamvis
813 504 929 544 annis
961 502 1003 543 &
1031 504 1122 557 jure
1153 502 1303 542 minori

316 577 469 618 Cedere
501 579 742 632 grandcevos
777 579 961 633 equitum
983 578 1248 633 peditumque
1285 574 1497 631 Magistros

317 649 581 703 Adspiceres,
611 658 827 706 totumque
861 651 994 705 palam
1013 650 1248 704 permittere
1266 648 1461 689 Martem.

213 734 290 763 200
332 725 419 765 Nec
444 726 593 779 gradus
617 725 799 767 aetatisve
821 726 950 780 pudor
971 725 1195 767 senioribus
1213 722 1351 770 obstat,

321 798 384 840 Ne
406 799 551 853 juveni
574 814 716 854 parere
744 800 887 844 velint.
946 799 1032 842 Ceu
1062 799 1227 840 flamine
1259 797 1390 844 molli,

319 872 650 931 Tranquillifque
672 875 810 922 fretis,
840 875 1002 916 clavum
1033 873 1103 915 fibi
1122 874 1286 929 quisque
1307 870 1530 926 regendum

324 947 543 993 Vindicat:
577 950 786 992 incumbat
813 948 842 990 fi
861 949 1048 991 turbidus
1069 947 1239 994 Auster,
1280 945 1322 988 &
1343 946 1452 986 unda

320 1021 456 1067 Pulset
488 1034 710 1082 utrumque
742 1024 874 1072 latu53
912 1022 1042 1078 pofito
1064 1023 1286 1065 certamine
1313 1030 1448 1062 nautae

1393 1092 1586 1136 Contenti

210 1205 267 1242 ¹93
293 1198 429 1246 ,Quidam
449 1200 547 1235 MSS.
588 1199 741 1232 omittunt
760 1201 872 1233 lacuna
893 1202 1009 1236 reliffiz.
1032 1200 1172 1245 gemino
1202 1209 1268 1234 nox
1291 1198 1327 1233 in
1354 1208 1461 1243 germ.
1482 1192 1590 1242 gerni·

211 1261 261 1285 nae
287 1262 350 1284 nex
379 1251 470 1286 inde.
506 1252 650 1296 geminae
676 1262 754 1286 mox
775 1251 866 1286 inde.
891 1253 970 1286 inde
993 1265 1011 1288 e
1033 1253 1183 1298 germine
1204 1252 1315 1285 duxit.
1339 1251 1481 1296 geminae
1501 1260 1590 1283 nexu

211 1303 277 1339 tibi
297 1306 460 1349 germine.
507 1308 651 1352 gemina
676 1319 755 1342 mox
777 1307 857 1342 inde
875 1318 892 1341 e
910 1306 1074 1351 gramine.
1122 1304 1266 1348 geminae
1283 1315 1343 1337 nec
1362 1304 1440 1338 inde
1450 1306 1593 1338 Germa-

211 1357 279 1391 nia.
300 1369 333 1402 g.
353 1370 385 1393 n.
404 1360 425 1392 i.
450 1361 616 1404 germina.
645 1361 782 1403 gemino
804 1371 865 1394 nee
884 1359 962 1394 inde
983 1359 1111 1404 gemin.
1131 1357 1241 1391 duxit.
1261 1357 1405 1402 geminae
1426 1358 1591 1391 vexivum

212 1412 530 1456 graminemoxide
552 1415 715 1458 germine.
737 1415 880 1459 geminae
901 1424 978 1447 mox
991 1411 1071 1445 inde
1081 1411 1242 1456 germine.
1264 1412 1400 1455 gemino
1413 1422 1491 1445 mox
1512 1411 1592 1446 inde

211 1475 228 1498 e
242 1467 408 1509 gramine.
421 1467 562 1511 geminae
576 1478 637 1500 nex
658 1467 814 1510 inguiam
829 1466 943 1500 duxit.
964 1465 1103 1509 gemino
1122 1475 1189 1497 nox
1210 1463 1288 1499 inde
1308 1464 1463 1508 germina
1483 1464 1593 1498 duxit.

210 1519 346 1553 Primus
369 1519 489 1560 honor,
513 1530 674 1566 tantaque
696 1520 763 1554 fide
783 1519 935 1554 viCtricia
956 1520 1055 1555 duxit
1068 1520 1228 1563 Agmina.
1266 1520 1387 1562 finguti
1398 1520 1497 1552 MSS.
1510 1521 1593 1564 apud

212 1573 326 1615 Heinfi
347 1583 427 1607 mox
458 1572 538 1606 inde
568 1574 719 1618 germine
745 1573 856 1606 mouit
883 1573 952 1614 Cuj.
996 1572 1160 1608 Culmine
1183 1573 1255 1614 fuit
1282 1572 1315 1603 in
1343 1572 1422 1604 libro
1441 1573 1592 1606 Claverii.

212 1625 351 1671 gemino
371 1634 449 1658 mox
477 1625 543 1658 Idae
574 1625 727 1669 germine
756 1623 857 1658 duxit
887 1636 992 1658 omnes
1020 1633 1093 1658 ante
1119 1625 1233 1667 Heinfi
1257 1632 1288 1656 et
1317 1631 1423 1655 tuetur
1445 1624 1593 1667 Hagenb.

257 1679 299 1716 V.
310 1678 356 1715 N.
425 1677 487 1725 196
512 1677 654 1714 auderet
666 1679 742 1712 MS.
755 1676 900 1713 deferret
913 1678 993 1721 conj.
1006 1678 1121 1721 Heinfi
1168 1687 1230 1722 ¹99
1242 1675 1438 1721 permittere
1448 1677 1547 1710 MSS.

540 1742 612 1769 200
635 1743 705 1768 non
724 1732 796 1777 cuj.
889 1742 945 1768 101
971 1731 1112 1768 flumine
1143 1734 1234 1777 vulg.

258 1865 314 1900 193
337 1855 411 1891 Effe
430 1857 465 1893 in
484 1857 548 1894 hoc
567 1856 662 1890 versu
681 1856 879 1903 descriptio-

935 1868 1019 1893 num
1037 1855 1197 1891 baculum
1217 1854 1238 1890 s.
1257 1853 1426 1899 sceptrum
1453 1854 1598 1900 Symbo-

215 1908 292 1935 nem
329 1902 481 1947 Magistri
520 1903 705 1949 utriusque
744 1902 878 1937 militiae

933 1903 1005 1938 lum
1035 1902 1187 1946 duplicis
1220 1901 1427 1945 magisterii,
1459 1901 1502 1934 ab
1529 1901 1595 1934 Idae

214 1957 277 1991 per
298 1947 474 1982 Orientem
488 1976 496 1988 ,
532 1947 679 1981 dubium
701 1947 786 1982 mihi
808 1958 877 1981 non

216 1990 273 2025 est.
320 1993 418 2026 Hanc
449 2004 561 2027 autem
592 1993 772 2026 commode
792 1992 875 2027 effici

216 2035 384 2076 lectione,
416 2049 520 2081 quam
543 2038 692 2079 retinui,
725 2037 878 2071 Heinsra-

215 2091 281 2122 na,
307 2081 428 2117 itidem
461 2082 543 2116 mihi
570 2083 691 2125 liquet.
745 2085 877 2118 Culmen

215 2135 306 2161 certe
332 2126 374 2161 de
403 2126 596 2171 magisterio
616 2128 651 2164 ἃ
670 2138 878 2172 quocunque

215 2170 326 2216 gradu
349 2172 469 2208 altiore
498 2171 696 2215 frequenter
724 2173 877 2216 ponitur.

219 2215 300 2251 vid.
319 2215 640 2251 Gorhofi-‚Gloss‘an
659 2216 876 2251 nomic.Cod.

216 2260 348 2295 Theod.
367 2262 402 2298 ἃ
421 2261 490 2305 ipse
519 2261 669 2306 noster3‚
682 2271 754 2302 205.
774 2271 819 2304 17,
841 2261 877 2295 16

215 2305 374 2349 it.31‚58.
425 2307 491 2341 Sed
519 2307 584 2341 hoc
610 2317 680 2341 non
708 2318 748 2341 eo
775 2306 879 2347 valet,

214 2360 256 2385 ut
290 2350 377 2387 hanc
414 2351 598 2387 Claudiani
636 2363 776 2386 manum
801 2349 878 2393 ess'e,

216 2395 321 2430 aufim
349 2396 563 2431 contendere.
619 2399 792 2431 Geminum
811 2397 877 2432 111ae

210 2453 364 2483 germen,
398 2442 643 2487 interpretetur
666 2441 718 2476 Cl.
740 2442 880 2486 Hagen·

216 2484 364 2521 buchius
382 2485 487 2531 Epist.
511 2486 690 2532 epigraph.
713 2499 746 2531 p.
759 2497 823 2531 294
844 2486 880 2520 δε

215 2532 306 2573 (28)
340 2531 506 2577 intelligit
526 2533 592 2565 ldae
614 2532 750 2565 nomine
771 2530 880 2576 ipsum

215 2576 369 2611 Orientis
389 2577 573 2622 imperium
587 2604 596 2617 ‚
619 2579 717 2620 cujus
743 2587 882 2622 germen

216 2619 279 2654 smt
309 2621 447 2655 milites.
494 2620 595 2662 Mihi,
626 2621 647 2655 fi
675 2622 711 2655 sit
734 2633 751 2655 a
778 2621 883 2654 Clau-

216 2664 343 2708 diano,
366 2667 581 2712 interpretari
606 2666 750 2709 liberet,
775 2668 883 2712 gemi-

935 1947 1141 1982 nobiliffima
1169 1945 1249 1979 silva
1277 1945 1446 1979 decisum.-
1485 1946 1531 1979 ita
1560 1955 1597 1979 ut

935 1992 1021 2027 illud
1042 1991 1142 2032 2162
1190 1993 1358 2027 Fraternas
1387 2003 1422 2023 ex
1441 2003 1526 2034 aequo
1544 1992 1593 2024 di-

935 2040 1026 2072 vidat
1053 2037 1152 2078 hastas
1175 2034 1341 2079 significat
1371 2036 1557 2070 exercitum
1578 2047 1597 2069 a

935 2082 1124 2118 Theodosio
1162 2080 1318 2116 reliehun
1348 2081 1437 2115 inter
1476 2080 1597 2114 fratres

937 2124 1213 2171 aequispartibus
1234 2126 1380 2160 dividat.
1568 2166 1569 2169 Ἴ

979 2183 1036 2217 ¹94
1060 2172 1164 2205 Labor
1181 2171 1393 2210 Stilichonia
1420 2169 1452 2203 h.
1471 2182 1498 2203 e.
1517 2180 1599 2204 con·

934 2216 1024 2250 sueta
1046 2214 1260 2260 Metonymia
1286 2215 1354 2258 ipse
1379 2215 1523 2249 Stilicho
1550 2215 1601 2248 la-

935 2260 1067 2295 boriosa
1086 2260 1269 2305 diligentia
1289 2260 1346 2294 sua
1357 2263 1401 2302 fic
1419 2262 1504 2304 geffit
1523 2271 1599 2293 mu-

935 2317 1013 2340 nera
1035 2304 1091 2339 fibi
1115 2306 1319 2348 demandata
1344 2315 1445 2349 atque
1470 2306 1600 2339 honores

934 2352 1000 2386 ἃς.
1041 2352 1160 2385 Merito
1187 2349 1393 2401 deponentis
1432 2349 1601 2396 significa-

939 2406 1055 2436 none,
1079 2404 1236 2429 merentu.

983 2452 1052 2476 200
1084 2441 1192 2474 Pudor
1219 2442 1324 2474 aetatis
1345 2440 1399 2474 vel
1433 2439 1479 2473 est
1506 2450 1601 2474 revea

937 2487 1066 2524 tentia,
1109 2496 1213 2530 quam
1248 2484 1314 2518 suae
1339 2483 1507 2529 putabant
1542 2483 1600 2518 ha-

938 2531 1085 2565 bendam
1117 2530 1206 2564 aetati
1244 2541 1261 2563 a
1282 2530 1408 2564 minori
1438 2528 1603 2573 potestate

940 2578 1103 2619 majores;
1132 2575 1187 2608 vel
1202 2586 1332 2616 metus,
1364 2586 1406 2609 ne
1426 2574 1485 2609 fibi
1501 2585 1604 2621 turpe

938 2620 1016 2655 esset
1046 2620 1172 2655 minori
1198 2631 1326 2666 parere.
