1696 2942
298 101 367 140 534

213 190 264 226 60

564 89 654 133 CL.
693 89 1075 135 CLAUDIANI
1115 94 1281 138 XXXV
1322 92 1323 96 ’

324 188 437 237 Quas
469 188 700 229 Arethusaei
725 188 892 235 laticeS,
921 202 1023 243 quas
1051 192 1205 232 advena
1225 193 1356 233 nutrit

322 259 524 314 Alpheus.
582 259 725 313 Cyane
757 267 892 300 totum
920 260 1194 315 supereminet
1220 277 1382 318 agmen.

380 333 524 381 Qualis
547 332 851 373 Amazonidum
878 334 1005 387 peltis
1034 336 1194 377 exultat
1212 338 1380 378 aduncis

319 406 463 447 Pulcra
486 407 662 454 cohors,
691 409 857 462 quoties
877 407 1033 449 Arc‘ion
1066 406 1260 464 populata
1292 413 1435 468 virago

321 480 550 537 Hippolyte
575 482 717 521 niveas
747 482 863 522 ducit
890 482 979 536 post
1018 485 1158 537 praelia
1187 492 1370 533 turmas;

208 556 255 601 65
324 552 406 594 Seu
426 553 556 594 flavos
587 554 761 595 stravere
794 554 943 602 Getas,
972 555 1040 596 seu
1064 556 1172 597 forte
1191 559 1394 612 rigentem

321 626 697 681 Thermodontiaca
726 628 885 669 Tanain
917 628 1079 683 fregere
1110 629 1251 670 securi.

317 700 404 742 Aut
425 702 567 756 quales
606 702 789 744 referunt
821 702 983 743 Baccho
1022 703 1202 744 solennia
1240 703 1463 758 Nymphae·

320 774 536 822 Maeoniae,
568 789 666 830 quas
692 776 869 817 Hermus
891 777 986 824 alit,
1017 778 1200 832 ripasque
1232 786 1422 831 paternas

317 846 567 889 Pei-currunt
589 863 690 889 auro
722 849 919 896 madidae3
955 849 1118 890 laetatur
1140 851 1181 890 in
1213 857 1328 890 antro

207 933 257 973 7⁴3

327 921 497 968 Amnis,
525 921 569 963 &
587 923 812 963 undantem
842 923 1021 964 declinat
1045 924 1242 977 prodigus
1267 936 1422 963 urnam.

373 994 546 1038 Viderat
582 996 754 1037 herboso
788 997 945 1037 sacrum
968 997 1016 1037 de
1040 999 1195 1038 vertice
1220 998 1368 1051 vulgus

317 1067 464 1108 Henna
491 1081 640 1124 parens
673 1067 846 1117 florum,
876 1083 1084 1125 curvaque
1115 1071 1159 1110 in
1186 1069 1292 1110 valle
1322 1068 1531 1108 sedentem

230 1246 273 1281 62
298 1245 442 1280 ademtis
460 1248 551 1292 vulg.
575 1245 720 1280 aduncis
730 1246 833 1290 Raph.
846 1248 955 1281 Barth.
969 1248 1082 1291 Heius.

264 1310 356 1342 male.
382 1310 424 1343 V.
435 1310 481 1344 N.

1359 1138 1588 1196 Compellat

1173 1246 1219 1280 66
1241 1245 1512 1280 Thermodoont.
1522 1247 1565 1280 al.

573 1308 620 1354 69
644 1308 824 1342 circueunt
851 1310 924 1343 MS.
948 1309 1098 1354 gravidae
1119 1310 1219 1344 MSS.
1245 1307 1404 1353 gravidas
1422 1307 1528 1352 Raph.

681 1380 720 1414 72
745 1371 856 1406 Aetna
875 1380 948 1406 ante
978 1373 1094 1417 Heius.

207 1498 347 1532 ἀμείνων·
394 1510 464 1544 quo
483 1507 678 1540 contemto,
707 1497 869 1543 pestilen-

204 1546 264 1578 tiae
304 1546 494 1579 auertendae
538 1544 635 1578 causa
676 1555 755 1578 cum
794 1555 867 1577 eam

206 1588 439 1630 exsiccass‘ent,
471 1601 532 1634 per
554 1600 628 1623 cam
649 1600 782 1635 partem
809 1588 869 1623 ho-

206 1633 270 1668 stes
293 1635 426 1679 ingressi
458 1636 546 1668 sunt.

253 1682 302 1715 60
327 1681 504 1724 Arethusa,
539 1679 618 1715 fons
637 1691 745 1724 prope
766 1680 867 1725 Syra-

207 1725 324 1767 cusas,
358 1727 394 1759 in
420 1737 523 1770 quem
554 1737 614 1771 per
632 1723 869 1759 subterraneos

206 1782 341 1805 meatus
371 1772 463 1805 exire
491 1770 681 1815 putabatur
710 1769 868 1814 Alpheus

205 1817 319 1850 Elidis
344 1816 488 1854 fluvius*
530 1825 661 1850 amaror
692 1814 869 1861 quondam

205 1861 367 1906 nymphae
405 1860 591 1895 Arethusae.
621 1860 699 1895 Vid.
731 1861 773 1894 ad
796 1870 869 1904 4³9.

205 1908 331 1941 Totam
363 1906 516 1940 fabulam
551 1915 666 1940 narrat
697 1916 790 1939 more
809 1904 868 1938 suo

205 1963 247 1985 ex
268 1952 371 1995 ipsius
401 1952 541 1996 persona
566 1950 742 1986 Arethusae
763 1950 867 1985 Ovid.

205 1998 289 2030 Met.
305 2006 334 2037 ς,
354 2008 412 2039 572
423 1997 493 2042 sqq.
549 1997 765 2031 Recentiores
786 1998 868 2040 poc-

205 2051 258 2075 tas
277 2043 475 2077 Guarinum
495 2042 619 2076 Italum
632 2070 640 2084 ,
665 2042 700 2076 δε
715 2040 868 2075 nostrum

204 2087 496 2126 Lohensteinium‚
519 2097 628 2121 taceo.

252 2132 290 2168 61
325 2136 441 2175 Cyanes
467 2133 502 2165 in
541 2131 672 2166 fontem
714 2140 867 2172 mutatae,

206 2189 289 2213 cum
318 2176 472 2212 obsistere
498 2178 600 2210 vellet
628 2177 758 2221 raptori
787 2178 867 2210 Plu-

205 2224 306 2259 toni,
330 2222 449 2257 fabula
467 2221 512 2255 est
524 2222 626 2256 Ovid.
638 2225 722 2255 Met.
734 2230 844 2263 2412.

255 2270 298 2303 62
321 2270 374 2302 De
404 2270 500 2311 peltae
526 2267 727 2301 Amazoniae
755 2267 868 2311 figura

207 2315 359 2348 multum
389 2312 600 2358 disputatum
623 2311 679 2346 est.
713 2312 867 2353 Vid.}Pe.

209 2359 314 2393 Petiti
335 2357 408 2392 diss.
441 2370 470 2392 c.
490 2367 528 2398 25
548 2357 583 2391 ἃ
603 2357 656 2392 26.
702 2359 788 2403 Qae
816 2355 866 2390 ibi

209 2416 249 2438 ex
284 2404 436 2437 nummis
473 2403 618 2447 aliisque
647 2402 868 2436 monimentis

208 2449 417 2482 exhibentur
437 2448 569 2492 figurae,
587 2450 780 2481 aduncam-um
793 2448 867 2491 epi-

208 2495 328 2528 theton
341 2494 484 2539 pulchre
494 2493 546 2527 his
557 2494 738 2527 convenire
758 2491 868 2526 osten-

208 2539 309 2573 dunt.
373 2541 497 2574 Securis
527 2539 630 2572 etiam
668 2537 868 2571 Amazoniae

211 2585 361 2629 figuram
382 2584 512 2618 ibidem
534 2584 614 2618 licet
634 2582 845 2627 cognoscere.

256 2631 301 2672 64
332 2631 384 2663 De
410 2631 582 2674 Hippolyte
600 2628 662 2662 hac
683 2628 725 2661 ad
763 2639 804 2668 ιι,
832 2637 866 2670 35

210 2674 345 2709 dierum
372 2673 436 2708 est:
487 2674 595 2720 signat
634 2673 730 2708 illam
755 2672 867 2709 noster

211 2720 317 2754 ctiam
339 2729 388 2762 34,
409 2729 457 2763 37.

968 1498 1016 1532 66
1053 1499 1252 1533 Thermodon
1285 1498 1486 1542 Θερμώδων,
1519 1497 1586 1533 flu-

923 1544 1020 1585 νίας,
1062 1545 1122 1588 qui
1168 1544 1204 1577 in
1231 1545 1377 1577 Pontum
1407 1545 1584 1578 Euxinum

925 1599 1148 1631 exoneratur,
1190 1589 1334 1633 patriam
1364 1590 1584 1623 Amazonum

924 1635 1043 1675 alluit,
1076 1644 1114 1668 ut
1145 1633 1234 1667 idem
1267 1632 1336 1667 fere
1363 1635 1400 1668 fit
1433 1636 1583 1668 Thermo-

924 1682 1090 1713 dontiaeas
1109 1679 1202 1724 quod
1215 1678 1438 1713 Amazonius.
1468 1680 1582 1713 Etiam

926 1724 982 1758 hic
1003 1725 1099 1758 locus
1128 1726 1404 1767 γεωγραφέμενος
1426 1723 1482 1764 est,
1502 1735 1583 1759 cum

925 1770 1160 1814 expeditionis
1189 1770 1331 1803 modum
1351 1769 1441 1814 quali
1460 1769 1583 1813 depin-

926 1826 983 1859 gat
1014 1826 1032 1848 a
1062 1814 1318 1848 Thermodonte
1357 1814 1399 1848 ad
1435 1815 1582 1856 Tanain,

926 1860 1028 1903 huJ'us
1069 1870 1181 1893 autem
1215 1859 1336 1901 glaciei
1371 1860 1582 1894 mentionem

928 1905 1076 1949 injiciat,
1101 1915 1204 1949 qnam
1218 1904 1400 1949 frangunt,
1424 1914 1462 1938 ut
1484 1905 1582 1938 vide-

925 1961 992 1991 tur,
1008 1950 1202 1984 Amazones
1217 1961 1258 1983 ne
1276 1950 1441 1994 impediat
1453 1950 1583 1985 ratium

925 1996 1103 2038 trajefiium
1117 2024 1125 2035 ,
1167 2005 1246 2028 cum
1281 1995 1426 2040 pedestri
1464 1994 1580 2029 itineri

926 2041 1064 2075 firmum
1083 2040 1161 2074 satis
1184 2049 1325 2086 pontem
1343 2039 1491 2086 praebere
1510 2051 1581 2075 non

923 2087 1032 2132 possit.

969 2132 1011 2174 67
1034 2133 1172 2166 Bacchus
1193 2130 1283 2165 sacra
1305 2132 1464 2172 Maeonia,
1495 2129 1528 2164 h.
1553 2142 1582 2165 e.

922 2177 1030 2222 Lydia
1051 2177 1086 2211 δε
1109 2179 1269 2210 Hermus.
1294 2175 1372 2209 Vid.
1391 2175 1434 2208 ad
1444 2184 1581 2218 24‚227.

965 2233 1010 2264 70
1037 2225 1084 2254 lta
1113 2222 1306 2266 pinguntur
1332 2220 1448 2263 paffim
1479 2231 1497 2253 a
1518 2232 1581 2254 no-

924 2266 990 2301 stro
1010 2267 1114 2300 etiam
1134 2266 1233 2299 fluvii
1254 2275 1293 2299 ut
1312 2264 1499 2303 Tiberinus
1519 2276 1579 2310 pa-

921 2321 1018 2352 teri,
1039 2322 1106 2354 213,
1140 2310 1279 2345 Rhenus
1308 2320 1414 2354 3,133‚
1461 2313 1579 2345 Pacto-

923 2357 977 2391 lus
998 2367 1054 2396 20,
1079 2366 1140 2397 ¹72·

967 2411 1008 2444 72
1033 2404 1152 2435 Henna
1176 2401 1216 2442 eft
1242 2403 1305 2434 loco
1324 2402 1467 2444 praecelsb
1485 2410 1578 2444 atque

922 2449 1016 2487 edim,
1041 2459 1100 2490 quo
1121 2448 1158 2480 in
1170 2448 1292 2489 fitvnmo
1311 2446 1350 2487 est
1367 2455 1487 2489 equata
1506 2448 1579 2490 agri

919 2494 1093 2537 planities,
1126 2493 1158 2528 ἐς
1185 2504 1274 2535 aquae
1299 2502 1449 2534 perennes
1555 2523 1557 2528 ,

922 2549 1016 2581 quam
1038 2538 1119 2571 circa
1142 2558 1189 2564 ---
1212 2538 1355 2578 laetiffimi
1380 2538 1473 2579 flores
1492 2536 1579 2569 omni

922 2592 1057 2626 tempore
1085 2584 1182 2623 anni,
1209 2584 1291 2615 Iocus
1309 2584 1372 2625 ipse
1393 2590 1428 2614 ut
1454 2591 1578 2625 raptum

921 2629 1064 2671 virginis
1085 2648 1131 2654 ---
1149 2628 1473 2660 declararevidear-ur.
1520 2629 1579 2660 Et-

921 2673 1360 2719 enimpropterefispeluuca.
1381 2692 1430 2699 --·
1450 2673 1580 2715 infinita

1534 2718 1580 2749 a!-
