1696 2942
235 158 308 198 412

513 144 599 187 CL.
670 140 1044 186 CLAUDIANI
1098 140 1245 186 XXVI

202 296 205 301 .
263 245 381 294 Quos
401 242 550 296 Epirus
582 241 676 289 alit,
704 253 781 281 nec
810 239 1019 280 Dodonaea
1040 239 1199 294 subegit

264 318 468 372 Agmina,
495 315 701 356 fatidicam
724 313 869 355 frustra
890 312 1082 367 jastantia
1111 325 1321 369 quercum.

263 389 422 431 Primus
454 389 695 428 fulmineum
725 386 838 427 lento
869 385 1086 427 luctamine
1107 386 1282 427 Poenum

265 459 505 516 Compresfit
531 451 705 501 Fabius:
746 472 889 513 campo
917 459 1004 513 post
1031 460 1146 500 ausus
1167 464 1310 513 aperto

149 545 224 585 140
262 534 480 577 Marcellus
512 534 621 573 vinci
653 533 816 573 docuit:

856 532 922 573 sed
948 533 1069 572 tertia
1094 534 1226 573 virtus

268 606 465 662 Scipiadae
488 606 615 647 Latiis
645 607 809 647 tandem
838 606 1037 647 deterruit
1058 605 1155 645 oris.

265 681 384 724 Unus
413 683 455 722 in
485 681 564 722 hoc
584 678 757 722 Stilicho
785 680 949 721 diversis
970 681 1123 721 artibus
1156 678 1272 720 hoste

265 755 373 796 Tres
392 757 527 809 potuit
546 756 732 810 superare
756 755 880 796 duces
893 784 904 802 ,
931 754 1136 810 fregitque
1156 754 1364 794 furentem

268 825 527 877 concitando,
558 831 738 883 vicitque
768 842 911 876 manu,
941 828 1176 883 victumque
1208 828 1378 881 relegat.

150 912 219 952 ¹45

313 901 449 956 Atque
474 903 563 943 haec
594 910 705 943 tanta
725 903 841 943 brevi
865 901 1102 943 miscentem
1121 902 1309 942 incendia
1326 897 1531 956 Pyrrhum

267 972 463 1016 Sustinuit
490 983 574 1016 tota
603 989 780 1016 maerens
800 975 999 1017 Oenotria
1021 975 1158 1023 lustro,

266 1049 321 1092 Et
346 1062 474 1103 prope
495 1057 558 1091 ter
587 1050 700 1090 senas
733 1049 825 1089 Itali
853 1061 927 1103 per
954 1048 1150 1102 graminis
1170 1046 1316 1088 herbas

261 1125 456 1181 Massylus
482 1125 610 1164 Poeno
632 1124 792 1178 sonipes
824 1123 1002 1164 vastante
1034 1123 1226 1169 cucurrit,

271 1201 620 1255 Hannibalemque
650 1198 786 1239 senem
818 1199 891 1238 x‘ix
913 1198 962 1238 ad
980 1197 1047 1238 sua
1066 1196 1247 1251 reppulit
1271 1208 1368 1236 arva

150 1288 216 1327 ιςο
252 1276 420 1320 Vindex
446 1273 529 1314 sera
548 1280 709 1327 patrum
739 1271 828 1326 post
855 1271 1009 1312 bellurn
1036 1277 1130 1311 nata
1155 1271 1367 1325 juventus.

263 1349 342 1392 Hie
365 1347 474 1390 celer
496 1346 657 1393 effecit,
686 1345 829 1386 bruma
850 1357 902 1384 ne
926 1344 1090 1398 longior
1119 1356 1199 1384 una

262 1424 373 1468 Efl'et
393 1425 524 1464 hiems
548 1436 704 1469 rerum,
733 1422 876 1476 primis
895 1420 960 1460 sed
980 1419 1165 1460 messibus
1185 1418 1301 1460 aestas

259 1500 525 1556 Temperiem
555 1498 658 1541 caelo
696 1497 848 1553 pariter
878 1496 1069 1552 belloque
1099 1495 1286 1536 referret.

1451 1563 1531 1607 Sed

157 1675 215 1713 138
250 1667 465 1703 cunetamine
493 1668 568 1705 MS.
621 1665 704 1709 quod
727 1666 832 1709 placet
849 1665 996 1706 Heinsio:
1030 1663 1114 1697 mihi
1145 1661 1356 1704 ταυτολόγον
1394 1662 1534 1696 videtur.

157 1726 212 1759 143
235 1714 405 1758 complere
432 1721 504 1746 ante
537 1712 647 1754 Heius:
686 1710 842 1754 superare
879 1711 972 1743 etiam
1000 1710 1068 1751 Bafi
1106 1720 1208 1751 marg.
1241 1707 1370 1752 frangit
1399 1709 1535 1751 Raphel.

153 1761 237 1805 quod
261 1761 373 1803 probat
400 1759 509 1792 Barth.
537 1757 569 1793 ἐς
588 1768 657 1789 mox
687 1755 796 1788 vincit
831 1756 932 1788 MSS.
962 1756 1072 1793 Favet,
1108 1755 1191 1796 quod
1220 1755 1367 1796 sequitur
1395 1752 1535 1797 relegat.

155 1815 214 1848 145
237 1803 327 1838 misc.
347 1804 461 1847 praelia
482 1803 582 1836 MSS.
614 1801 648 1838 Μ’
670 1802 750 1850 Bas..
761 1812 862 1843 marg.

954 1808 1008 1841 147
1033 1799 1120 1831 Latii
1149 1809 1208 1842 per
1230 1797 1395 1842 graminis
1415 1797 1536 1832 herbas

201 1850 284 1894 conj.
303 1850 415 1883 Barth.
447 1847 535 1882 Latii
556 1857 615 1890 per
643 1855 798 1889 gramm-a
826 1841 965 1877 messes.-
992 1843 1025 1879 ἃς
1055 1843 1166 1877 v.160
1192 1842 1363 1876 bellorum
1393 1844 1488 1877 editio

507 1892 634 1933 Amstel.
661 1892 825 1933 Caefiorum

156 2007 273 2046 gentes
285 1995 382 2042 Epiri
402 1991 460 2027 sub
470 1990 593 2037 Pyrrhi
612 2001 730 2035 regno,
742 2000 827 2034 quos

156 2056 220 2080 cur
249 2041 433 2077 deteriores
466 2037 566 2071 fat-iat
601 2036 701 2070 Getis
715 2063 722 2076 ,
756 2046 824 2067 non

159 2097 323 2136 apparet,
347 2097 427 2120 cum
450 2080 606 2117 bellicosa
625 2079 824 2125 semperilla

157 2146 236 2181 pars
255 2136 373 2167 Graece
398 2128 614 2173 loquentium
633 2124 749 2159 habita
776 2124 823 2158 sit.

157 2182 213 2214 De
234 2178 372 2212 fatidica
391 2174 548 2208 Dodone
577 2181 705 2215 quercu
728 2169 771 2204 ad
789 2179 819 2213 7,

161 2231 211 2265 ¹¹8
236 2224 274 2258 it.
296 2222 337 2256 ad
359 2220 413 2261 26,
428 2230 464 2264 ¹9
485 2217 628 2251 dietum.

209 2275 270 2313 138
295 2268 490 2302 Fulmineum
503 2265 634 2297 Poenum
654 2261 689 2295 ἃ
709 2263 828 2294 lentum

158 2317 334 2354 laetamen,
373 2309 566 2344 antitheton
594 2307 784 2340 vehemens.

209 2370 265 2403 144
288 2360 440 2401 Relegat‚
473 2362 625 2387 removet
655 2351 690 2385 8<
720 2361 830 2384 remo-

160 2414 235 2440 tum
265 2412 365 2437 tenet.
387 2400 522 2438 vid.21,
545 2407 618 2437 250.
663 2398 826 2429 Ceterum

160 2450 329 2485 concinna
347 2445 512 2480 brevitate
537 2445 679 2486 (verum
699 2452 716 2474 a
728 2443 829 2486 poeta

164 2495 226 2528 tali
257 2494 333 2537 quis
362 2489 582 2535 exspe&et?)
606 2487 712 2520 trium
740 2485 828 2519 sum-

161 2550 299 2573 morum
320 2537 450 2570 ducum
462 2533 580 2567 laudes
597 2533 652 2566 hic
672 2532 707 2566 in
719 2542 829 2564 unum

161 2583 292 2620 confert
318 2580 541 2615 Stilichonem
566 2577 674 2611 suum.

209 2639 264 2672 145
286 2626 407 2673 Pyrrhi
429 2624 558 2658 bellum
571 2622 712 2656 duravit
731 2621 829 2654 annis

162 2675 335 2720 quinque:
369 2671 536 2711 Punicum
558 2667 754 2707 secundum,
770 2677 829 2699 an-

162 2721 216 2755 nis
229 2713 341 2753 xx'vin.
386 2717 502 2751 Herba
521 2712 714 2759 significant
748 2723 829 2745 ver:

860 1890 988 1923 laudata
1030 1890 1169 1931 Heinfio.

871 1997 957 2033 quot
1004 1988 1106 2021 herba·
1140 1988 1319 2031 graminis,
1373 1995 1424 2021 tot
1459 1986 1537 2021 sunt

871 2034 963 2067 anni.
1008 2035 1055 2066 Ut
1082 2034 1148 2076 post
1167 2035 1287 2076 aliquot
1310 2033 1436 2074 aristas,
1463 2033 1536 2078 post

868 2080 1001 2124 aliquot
1021 2089 1139 2111 annos.
1161 2078 1337 2120 Sicmeffes,
1347 2080 1462 2112 hiemes
1475 2088 1539 2113 etc.

913 2135 973 2167 150
1014 2124 1084 2164 Post
1108 2124 1225 2156 bellum
1255 2124 1404 2166 primum
1434 2124 1541 2157 Puni-

871 2181 949 2204 cum
971 2169 1110 2201 finitum
1131 2178 1207 2201 nata
1225 2170 1388 2210 juventus
1410 2168 1541 2201 intelli-

874 2216 908 2259 gi
940 2213 1060 2254 debet,
1103 2213 1123 2246 sl
1152 2224 1222 2246 non
1242 2213 1402 2246 volumus
1432 2213 1538 2247 nimis

873 2259 1036 2294 excedere
1065 2258 1207 2292 modum
1245 2260 1392 2302 po'e'tam.
1436 2259 1541 2292 Pauci

872 2305 946 2339 sane
983 2303 1046 2337 effe
1074 2312 1259 2348 potuerunt
1298 2303 1443 2342 milites,
1476 2314 1537 2337 xv!

875 2350 930 2384 vel
958 2349 1073 2394 paullo
1117 2349 1267 2392 amplius
1304 2359 1472 2389 annorum
1502 2349 1541 2382 in

874 2395 1024 2428 exercitu
1060 2395 1314 2432 Romanorum,
1385 2392 1433 2426 0st
1470 2405 1539 2427 cce-

872 2451 970 2485 ptum
993 2438 1122 2472 bellum
1143 2449 1221 2471 cuin
1244 2405 1438 2471 Hannibale
1458 2439 1543 2480 nati,

875 2486 935 2529 qui
966 2484 1098 2517 ultimis
1121 2483 1220 2516 annis
1245 2482 1382 2516 duobus
1403 2483 1439 2516 in
1464 2484 1539 2518 acie

873 2539 992 2564 contra
1011 2529 1110 2562 illum
1129 2527 1212 2561 stare
1231 2526 1372 2572 possent.

923 2585 976 2614 ¹52
1019 2576 1134 2607 Hiems
1179 2585 1304 2611 rerum,
1348 2572 1539 2618 tempestas,

873 2620 1042 2666 procella,
1073 2616 1185 2654 turbo.
1241 2619 1384 2651 Pulchre
1404 2631 1543 2668 compa-

873 2666 962 2698 ravit
988 2663 1146 2698 Heinsius
1177 2664 1280 2697 Ovid.
1300 2664 1403 2708 Epist.
1422 2675 1540 2707 1,5.34

874 2712 1003 2753 Peffima
1021 2711 1138 2744 mutati
1158 2710 1255 2753 coepit
1274 2711 1389 2742 amoris
1407 2711 1517 2743 hiems.
