1696 2942
512 114 1122 157 EIDYLLIUMt
1382 123 1449 167 635

267 209 520 253 Sollicitatur
551 214 693 267 equis,
725 214 942 268 vicinaque
969 213 1138 253 verbera
1169 212 1312 262 sentit,

268 286 447 326 Humida
476 288 631 327 roranti
659 287 848 328 resonant
878 302 971 328 cum
1000 288 1143 328 limina
1163 301 1298 336 curru,

153 370 177 407 ς
261 360 380 401 Unde
404 363 521 403 rubet
545 371 719 403 ventura
748 364 858 410 dies,
898 364 1105 418 longeque
1134 363 1311 404 coruscis

264 434 361 476 Nox
394 436 526 479 afflata
561 439 662 478 rotis
702 438 848 492 refugo
877 438 1060 491 pallescit
1088 437 1252 480 amififfl.

262 509 363 550 Haec
385 510 619 552 fortunatus
648 513 822 552 nimium
844 511 1037 552 Titanius
1069 512 1154 552 ales

261 583 405 637 Regna
427 586 546 633 colit,
584 586 768 640 solusque
798 586 916 640 plaga
945 586 1134 627 defensus
1167 587 1309 642 iniqua

265 657 439 700 Possidet
467 659 639 701 intac‘tas
669 662 792 714 aegris
815 661 1088 700 animantibus
1111 674 1228 707 oras;

153 741 194 767 [Ο
265 730 381 772 Saeva
404 747 479 773 nec
502 733 667 773 humani
688 734 842 787 patitur
871 734 1061 787 contagia
1082 734 1247 774 mundi:

261 803 336 849 Par
364 806 535 847 volucer
554 805 744 860 Superis:
781 805 915 846 stellas
939 807 1009 860 qui
1041 807 1203 846 vividus
1227 813 1363 860 aequat

260 881 479 929 Dat-ando,
510 882 780 938 membrisque
799 883 897 923 terit
927 883 1195 923 redeuntibus
1219 896 1368 928 aevum,

261 956 357 998 Non
379 957 511 1011 epulis
541 957 716 997 saturare
735 957 910 1004 famem,
939 971 1024 997 non
1055 957 1239 997 fontibus
1263 957 1360 998 ullis

259 1029 450 1071 Afl'uetus
471 1031 690 1085 prohibere
721 1030 850 1073 sitim:
880 1032 946 1072 sed
968 1033 1109 1087 purior
1133 1032 1252 1072 illurn

149 1114 187 1152 ις
259 1102 368 1144 Solis
396 1104 536 1146 fervor
565 1106 652 1153 alit,
684 1106 929 1160 ventosaque
950 1106 1094 1161 pabula
1123 1107 1224 1146 libat

260 1174 480 1232 Tethyos,
508 1178 677 1218 innocui
702 1191 872 1232 carpens
901 1178 1095 1219 alimenta
1112 1177 1291 1232 vaporis.

166 1389 183 1422 3
207 1378 424 1413 collustratur
445 1380 514 1423 Cuj.

172 1442 299 1476 nonius
325 1443 395 1485 Cuj.

259 1512 310 1537 tas
331 1524 361 1531 --
380 1501 584 1539 mortalibus
605 1505 675 1547 Cuj.

583 1391 603 1422 4
630 1380 747 1414 vivida
765 1382 840 1415 MS.
870 1382 954 1414 unde
971 1380 1079 1415 uvida
1107 1380 1188 1423 conj.
1210 1380 1325 1423 Heius:

486 1448 505 1481 3
529 1442 687 1487 Solisque
716 1444 911 1487 an.Heinfi
933 1453 962 1477 2.

768 1515 797 1538 ιι
823 1505 968 1539 invidus
981 1505 1051 1547 an.

1316 1251 1527 1292 Arcanum

1466 1389 1507 1412 u-

1057 1454 1078 1488 9
1102 1441 1312 1477 animaIIbus
1332 1444 1371 1476 al.
1403 1380 1504 1487 iggo-

1146 1514 1181 1544 15
1205 1502 1285 1549 pab.
1318 1513 1415 1549 potat

696 1566 774 1600 Ala.
804 1566 838 1603 ἀεῖ
860 1568 960 1600 MSS.

190 1735 206 1768 3
235 1726 421 1759 Solia-iratur
440 1724 551 1764 lucus,
575 1735 654 1759 eum
675 1724 716 1758 ad
732 1725 807 1758 Au-

141 1781 225 1804 rorae
244 1780 399 1804 exortum
422 1770 456 1804 ἃ
476 1780 578 1804 vento
595 1771 656 1804 illo
677 1770 806 1804 solenni

143 1824 326 1849 moventur
349 1815 433 1857 nami
464 1814 648 1856 arborum,
673 1817 707 1850 &
729 1826 807 1848 aves

143 1870 280 1893 cantare
309 1860 494 1905 incipiunt.
547 1861 705 1902 Verbera,
729 1860 807 1905 qui-

143 1903 207 1938 bus
231 1906 312 1950 equi
336 1906 593 1950 percutiuntur.

189 2007 209 2037 4
233 1998 358 2029 Roram·
387 2006 496 2028 currus
525 1996 692 2035 Aurorae,
732 2005 801 2029 non

140 2040 251 2081 Solis,
277 2040 341 2074 hoc
368 2039 437 2084 ipso
457 2040 618 2084 Epitheto
636 2039 803 2084 intelligi-

142 2096 209 2118 tur.
260 2087 391 2118 Limina
420 2085 561 2130 poss'unt
582 2086 640 2118 illa
661 2084 802 2129 quidem

142 2131 244 2164 etiam
273 2140 406 2175 portam
445 2130 620 2174 quandam
650 2130 804 2164 Orientis

141 2175 281 2219 sign-are.
329 2175 393 2208 Sed
421 2174 502 2209 solet
535 2176 645 2209 noster
664 2174 728 2209 hoc
743 2187 804 2209 no-

143 2231 221 2253 men
239 2220 368 2253 sumere
387 2221 513 2263 latius,
545 2230 585 2254 ut
619 2220 728 2260 βηλόυ
763 2221 805 2254 il-

139 2265 213 2298 luni
243 2265 489 2307 Homericum,
522 2275 562 2299 ut
587 2264 695 2299 solum
717 2265 805 2299 illud

142 2319 239 2344 notet
277 2321 438 2352 aeneum,
482 2322 544 2355 per
583 2310 678 2354 quod
709 2312 814 2353 Jovis·

141 2356 222 2399 equi
234 2354 318 2388 dum
331 2365 495 2398 currunt,
520 2356 674 2390 tonitrua
687 2356 805 2392 edunt.

140 2400 338 2444 vid.7,164
361 2401 396 2435 &
423 2411 476 2444 22,
489 2407 560 2444 287.

188 2489 209 2523 6
238 2492 315 2523 Nox
340 2489 402 2524 dea
427 2489 530 2524 habet
548 2491 662 2525 velum
683 2491 704 2526 s.
722 2494 802 2526 ami-

141 2537 225 2569 &um
260 2535 421 2579 nigrum:
456 2536 606 2580 pallescit
637 2537 725 2570 illud
746 2550 804 2571 ve-

142 2581 217 2612 lum
252 2590 331 2613 cum
367 2580 508 2615 densum
545 2582 580 2616 δι
614 2581 803 2617 saturatum

142 2624 242 2657 illum
261 2624 435 2669 nigrorem
461 2626 645 2673 paullatim
664 2628 806 2663 amittit.

142 2668 219 2703 vid,
231 2678 279 2710 35,
291 2669 363 2713 363.

910 1731 928 1764 8
956 1727 1055 1770 Plaga
1085 1725 1164 1766 illa,
1189 1724 1260 1758 Soli
1289 1724 1412 1759 orienti
1471 1736 1526 1760 ro·

863 1770 974 1812 xima,
1011 1773 1122 1814 iniqua
1151 1770 1195 1803 est
1226 1771 1260 1804 &
1297 1771 1440 1804 intolem
1472 1772 1528 1805 ilis

863 1816 962 1860 aegris
984 1815 1210 1850 mortalibus:
1259 1816 1431 1850 vid.V.1o.
1461 1818 1528 1850 Ita-

863 1873 930 1906 que
948 1861 1038 1895 solus
1066 1861 1163 1894 illam
1186 1860 1327 1906 poffidet
1348 1860 1502 1895 Phoenix,

909 1938 950 1961 10
983 1926 1111 1971 Aspere
1151 1925 1304 1968 dhffinn,
1352 1928 1524 1969 humanus,

863 1983 933 2017 qua
948 1972 1147 2006 hominibus
1165 1971 1281 2005 cultus
1301 1971 1359 2013 est,
1372 1973 1525 2007 mundus

860 2017 1020 2061 contagia
1072 2015 1175 2050 habet
1224 2016 1348 2051 morbi.
1418 2021 1524 2061 Aeger

860 2062 1058 2097 mortalium
1088 2061 1223 2095 solenne
1254 2062 1432 2106 epitheton
1451 2061 1525 2108 post

859 2108 1038 2149 Lucieno,
1053 2119 1076 2141 π.
1123 2108 1178 2141 Sic
1197 2107 1298 2152 virg.
1326 2109 1389 2142 Ge.
1412 2118 1437 2150 ι,
1458 2117 1525 2151 237.

860 2155 947 2188 Aen.
961 2163 989 2192 2,
1009 2154 1086 2192 268.

909 2209 942 2233 12
972 2200 1062 2232 Terit
1098 2209 1202 2232 aevum
1231 2196 1402 2238 Phoenix,
1453 2208 1523 2231 non

862 2244 931 2289 ipse
961 2244 1110 2280 teritur,
1167 2251 1256 2276 certe
1283 2242 1370 2275 nihil
1401 2243 1524 2276 deterit

860 2290 911 2324 illi
933 2300 1065 2328 aevum,
1097 2287 1192 2333 qnod
1221 2298 1290 2321 non
1322 2288 1478 2332 recipiat.

906 2344 942 2376 23
977 2333 1077 2367 Nihil
1105 2344 1250 2372 eorum,
1282 2344 1357 2376 quae
1385 2333 1426 2366 de
1457 2331 1521 2365 hac

859 2392 921 2415 ave
941 2388 1078 2420 narrat,
1101 2378 1237 2411 facilius
1258 2377 1390 2418 credas,
1417 2387 1522 2421 quam

859 2425 947 2460 illud
977 2425 1065 2458 Plin.
1091 2434 1140 2463 ιο,
1163 2433 1181 2457 2
1230 2424 1403 2456 Neminem
1431 2423 1523 2464 exsti-

858 2473 944 2513 tisse,
967 2472 1022 2514 qui
1040 2470 1160 2502 viderit
1177 2470 1371 2511 vescentem.-
1419 2467 1523 2501 credo

859 2517 975 2557 etiam,
996 2515 1057 2559 qui
1081 2514 1266 2552 volantem,
1292 2510 1434 2545 stantem
1454 2512 1521 2546 &c.

907 2591 943 2622 ις
985 2581 1121 2622 Ventosa
1155 2578 1270 2623 pabula
1304 2589 1448 2623 vapores
1485 2577 1523 2612 in

862 2631 938 2662 aere
964 2625 1134 2664 subl-atos,
1178 2622 1327 2658 mixtum
1355 2626 1431 2658 aere
1458 2622 1525 2657 hu-

862 2682 1005 2710 flloreln.
