1696 2942
415 85 931 134 EPIGRAMMATA
990 102 1097 132 xxv!

1318 97 1390 141 695¹

84 187 840 235 *semmae-e*
850 190 979 233 *ar—
992 184 1466 234 *44-›3—*4*

676 316 858 360 LXXVI

416 427 534 459 xxm
597 414 691 458 IN
740 414 1112 459 EUNDEM

138 509 212 609 Si
244 552 335 595 tua,
363 546 527 595 Cureti,
555 548 720 603 penitus
751 546 999 602 cognoscere
1037 551 1189 602 quaeris

248 624 410 675 Sidera,
448 632 561 681 patre
590 634 663 666 tuo
689 626 842 666 certius
879 624 964 679 ipse
996 626 1152 680 loquar.

192 701 313 750 Qod
342 700 467 747 furis,
517 698 669 740 adversi
692 699 811 740 dedit·
835 699 1100 739 inclementia
1119 700 1296 752 Martis:

247 777 369 826 qud
403 777 548 831 procul
592 789 613 815 a
646 773 793 821 Mufis,
833 773 980 814 debilis
1012 774 1144 821 Arcas
1183 782 1297 816 erat:

77 861 99 901 ς
191 849 315 899 Quod
350 858 512 903 turpem
543 848 696 903 pateris
724 848 808 902 jam
839 860 944 888 cano
975 848 1123 901 podice
1153 848 1356 898 morbum,

244 925 452 967 FemineiS
480 923 602 979 fignis
633 924 771 972 Luna,
799 922 1020 977 Venusque
1041 923 1133 964 fuit.

187 1002 361 1047 Atti-ivit
404 998 601 1041 Saturnus
637 1013 754 1054 opes.

792 999 873 1040 hoc
898 1000 1059 1054 prorsus
1091 1001 1133 1040 in
1158 1011 1244 1040 uno

246 1076 411 1126 Haemo,
440 1088 535 1132 quae
564 1089 746 1117 cunnum
771 1076 953 1117 lambere
982 1075 1114 1118 caussa
1141 1075 1254 1117 facit.

424 1509 447 1545 8
472 1514 555 1541 cura
585 1503 653 1539 fuit
671 1505 773 1540 MSS.
801 1500 900 1539 causa
928 1502 998 1539 fuit
1016 1505 1093 1541 MS.

118 1659 191 1707 Qi
210 1657 365 1705 superius
378 1671 394 1694 e
423 1659 592 1704 iqramrna
610 1671 738 1706 cogno-

73 1705 128 1739 vit
142 1735 149 1745 ,
174 1705 227 1739 hic
247 1705 335 1739 nihil
356 1705 397 1739 ha
426 1697 495 1739 ebir
514 1706 739 1740 difficultatis.

71 1750 218 1785 Genesin
238 1750 390 1785 hominis
407 1751 736 1794 enarratsatiricam,

70 1795 114 1831 sic
135 1806 250 1830 tamen
281 1806 319 1829 ut
342 1795 476 1830 tribuat
505 1797 653 1840 planetis
675 1797 738 1830 sin-

72 1842 186 1887 gulis,
212 1852 286 1886 quae
306 1840 412 1876 solent
433 1843 469 1875 in
498 1842 556 1876 illa
584 1841 738 1887 discipli-

70 1898 136 1928 na,
170 1898 315 1932 quaeque
358 1887 490 1932 singula
518 1899 557 1920 ex
589 1888 736 1922 Manilio

68 1931 294 1977 Firmicoque
314 1932 484 1966 illustrare
513 1932 614 1966 facile
645 1931 736 1966 esset.

69 1977 137 2011 Sed
159 1978 255 2023 piget
284 1978 508 2023 ineptiarum.
537 1980 658 2023 Itaque
677 1978 734 2012 de-

70 2021 261 2068 fungemur
282 2023 412 2067 paucis.

117 2080 137 2110 4
161 2072 260 2102 Arcas
283 2068 477 2102 Mercurius
499 2079 517 2102 a
535 2067 646 2113 patria
666 2078 738 2101 ma-

71 2113 136 2148 tris
165 2115 287 2157 Majae,
332 2115 367 2148 ἃ
403 2113 527 2158 ipsius,
576 2113 735 2158 Cyllene,

70 2159 230 2193 altiffimo
260 2169 376 2193 monte
405 2158 584 2199 Arcadiae,
608 2160 644 2193 in
664 2170 734 2204 quo

72 2205 110 2239 ἃ
129 2204 356 2249 antiquiffima
381 2205 484 2250 ipsius
507 2205 735 2240 commoratio

69 2249 150 2284 fuit.
184 2251 414 2295 V.Ap0110d.
436 2260 527 2293 3,10.
594 2249 737 2295 Apella-

70 2295 166 2329 tione
189 2294 251 2329 hac
274 2305 422 2330 utuntur
445 2297 528 2330 Stat.
549 2295 692 2337 Sil.2‚7.
704 2303 736 2336 5.

68 2340 220 2374 Martial.
243 2352 276 2384 9,
306 2351 354 2383 35.
420 2342 581 2385 Juniores
617 2341 738 2375 laudat

69 2385 160 2419 Toll.
183 2386 224 2419 ad
238 2386 342 2421 Auso.
363 2387 539 2432 Eidyltg,
554 2397 594 2421 22
621 2397 736 2432 p.3a4.

70 2431 199 2464 Debilis
224 2430 270 2464 est
305 2433 340 2467 &
371 2444 494 2477 parum
520 2433 635 2467 efficax
663 2432 737 2477 pla-

69 2485 168 2526 neta,
199 2475 223 2510 fi
255 2488 326 2515 non
348 2477 386 2513 fit
412 2478 455 2523 ¹in
474 2477 738 2526 suo-domicilio

71 2530 102 2556 e.
121 2532 146 2555 1.
162 2531 196 2567 g.
222 2532 253 2557 a.

838 1660 860 1693 6
894 1661 935 1693 In
963 1659 1077 1703 fignis'
1089 1657 1262 1701 femineis,
1305 1653 1460 1695 nascente

794 1706 961 1747 Curetio‚
993 1704 1088 1738 fuere
1124 1704 1269 1748 planetae
1307 1702 1461 1745 ejusdem

776 1750 888 1785 'sexus
921 1753 1035 1784 Venus
1062 1750 1098 1784 ἃ
1126 1752 1233 1783 Luna.
1288 1747 1461 1792 Loquitur

794 1807 835 1830 ex
861 1796 946 1830 artis
976 1796 1168 1841 praeceptis.
1216 1796 1269 1828 De
1296 1796 1391 1826 Luna
1421 1792 1459 1826 δε

793 1843 926 1875 Venere
947 1849 1070 1874 notum
1091 1839 1236 1885 ubique.
1280 1840 1338 1872 De·
1355 1837 1459 1882 signis·

792 1887 916 1922 Manil.
940 1897 969 1928 2,
999 1896 1049 1926 151
1106 1887 1253 1929 Maftula
1280 1887 1339 1928 sex
1364 1886 1457 1927 fiant,

794 1935 926 1974 Diversi
957 1933 1090 1965 totidem
1118 1932 1266 1976 generis,
1284 1930 1345 1973 fieb
1364 1930 1458 1973 prin-

789 1980 855 2023 cipe
881 1981 995 2012 Tauro.
1041 1979 1189 2022 Nempe,
1213 1985 1252 2009 ut
1271 1974 1317 2008 est
1337 1973 1459 2008 diserte

791 2023 886 2067 apud
943 2022 1133 2056 Firmicum
1190 2020 1330 2055 Astron.
1372 2030 1402 2058 2,
1428 2029 1456 2061 ι,

791 2068 983 2103 Masculina
1025 2067 1102 2101 sunt
1139 2068 1260 2107 Aries,
1299 2065 1458 2106 Gemini,

790 2117 858 2149 Leo
883 2114 948 2148 &c.
995 2113 1176 2148 Feminina
1194 2114 1345 2151 Taurus,
1364 2110 1458 2145 Cin·

789 2170 867 2202 cer,
894 2159 1026 2204 Virgo:
1059 2168 1098 2192 ut
1123 2158 1263 2192 alternis
1290 2157 1320 2191 se
1343 2156 1458 2190 conse-

789 2213 944 2250 quantur
964 2205 1000 2238 in
1019 2203 1099 2238 serie
1119 2204 1180 2238 illa
1201 2202 1356 2243 Zodiaci,
1371 2213 1458 2246 quo-

793 2250 899 2285 modo
927 2250 1030 2285 hodie
1059 2250 1095 2283 in
1125 2249 1291 2284 sodalitiis
1318 2247 1456 2291 elegan-

792 2296 924 2330 tiorum
943 2295 1127 2330 hominum
1146 2294 1288 2328 alternis
1308 2292 1454 2333 sedetur,

793 2350 831 2374 ut
850 2341 935 2376 olim
964 2343 1027 2376 XII
1052 2342 1144 2376 Deos
1172 2340 1210 2374 in
1237 2337 1454 2374 leffisterniis

790 2386 942 2422 solebant
973 2389 1116 2432 jungere
1140 2387 1309 2425 Rotnani,
1330 2385 1454 2427 Jovem

790 2432 856 2466 suae
884 2433 1037 2477 Junoni,
1070 2431 1196 2467 Veneri
1216 2432 1365 2467 Martem
1385 2427 1454 2463 ἃς.

791 2478 874 2516 vid.
891 2478 1033 2520 Liv.22,
1045 2488 1095 2514 10.

830 2706 873 2751 x
891 2721 919 2750 x
946 2719 978 2756 4·
1245 2703 1456 2776 txxm
