1696 2942
151 1962 157 1967 ,
205 1938 305 1960 ruens
327 1937 427 1971 petrae
448 1928 541 1961 illam
560 1927 684 1962 allidit.
727 1928 863 1962 Enasci-

294 106 373 150 538,
577 94 667 138 CL.
693 94 1076 145 CLAUDIANI
1114 94 1302 138 XXXIII

322 192 546 234 Terribiles
578 195 690 233 intus
719 190 853 238 thiasi,
883 192 1105 248 vesanaque
1133 194 1250 235 misto

211 280 280 319 203
322 268 536 309 Concentu
574 266 741 306 delubra
770 274 953 320 gemunt.
982 268 1202 309 ululatibus
1232 269 1305 309 Ide

321 341 558 382 Bacchatur.
596 339 757 379 timidas
791 339 991 384 inclinant
1025 337 1202 395 Gargara
1230 340 1359 381 fila-as.

387 413 598 468 Postquam
630 412 711 453 visa
743 412 892 460 Ceres,
922 414 1124 468 mugitum
1148 421 1344 470 tympana
1375 413 1550 458 frenant.

315 485 561 528 Conticuere
591 484 719 524 chori.
779 484 963 539 Corybas
991 499 1074 526 non
1095 487 1257 540 impulit
1280 486 1428 528 ensem.

322 559 418 601 Non
443 559 590 603 buxus,
619 571 702 598 non
723 571 804 598 aera
825 558 990 598 sonant:
1020 558 1257 613 blandasque
1288 560 1430 602 leones

325 630 569 672 Summisere
598 631 725 680 jubas.
784 630 934 685 Adytis
974 630 1107 686 gavisa
1135 629 1306 686 Cybelle

317 706 479 755 Exsilit,
510 707 554 749 &
579 720 728 762 pronas
755 708 931 748 intendit
968 709 1017 748 ad
1048 708 1185 748 oscula
1216 715 1364 750 turres.

373 779 546 824 Viderat
581 781 670 821 haec
695 781 847 821 dudum
877 780 1027 821 summa
1049 781 1275 836 speculatus
1302 782 1351 822 ab
1373 793 1468 822 arce

206 645 274 673 210

318 855 501 909 Jupiter,
529 868 574 894 ac
604 853 761 897 Veneri
787 855 936 895 mentis
969 855 1191 909 penetralia
1223 855 1362 896 nudat.

316 931 545 980 „Curarum
567 928 725 984 secreta
750 932 848 978 tibi,
883 929 1100 983 Cytherea,
1121 929 1306 986 fatebor.

321 1001 502 1044 Candida
539 1003 741 1043 Tartarea
775 1009 942 1054 nuptum-
982 1001 1228 1058 Proserpina
1256 1003 1348 1056 regi

315 1075 430 1130 Q‘J'am
461 1074 609 1116 dudum
630 1073 789 1114 decreta
821 1073 927 1115 dari.
944 1074 1002 1129 fic
1018 1075 1202 1129 Atropos
1233 1081 1383 1129 urget:

315 1150 383 1189 Sic
409 1148 547 1187 cecinit
576 1146 762 1200 longoeva
807 1145 975 1188 Tliemis.
1038 1148 1156 1189 Nunc
1184 1134 1315 1188 matre
1342 1150 1500 1198 remota

312 1224 427 1270 (Rem
454 1223 603 1276 peragi
625 1222 807 1276 tempus)
827 1222 934 1278 fines
954 1223 1100 1264 invade
1126 1223 1307 1271 Sicanos,

314 1297 372 1337 Et
407 1295 562 1336 Cereris
577 1294 733 1348 prolem
763 1296 919 1348 patulis
948 1295 1111 1337 illudere
1132 1298 1295 1350 campis,

205 1384 278 1412 220
319 1370 500 1426 Crastina
516 1370 705 1423 puniceos
733 1384 817 1411 cum
854 1370 925 1412 lux
948 1357 1154 1412 ⁴detexerit
1189 1378 1318 1418 ortus,

319 1444 430 1499 Coge·
451 1444 534 1485 tuis
565 1449 744 1504 ‘armata
776 1443 904 1496 dolis‚·
935 1445 1080 1500 quibus
1115 1458 1233 1486 urere
1259 1440 1413 1493 cunffaf

205 1018 266 1056 2¹3

1505 1504 1578 1558 Me

225 1640 294 1675 209
318 1627 507 1675 blandique
524 1632 614 1674 vulg.
704 1638 758 1673 213
782 1629 940 1665 extendit
965 1631 1064 1666 MSS.
1155 1641 1212 1674 2¹4
1232 1641 1291 1676 pro
1307 1629 1437 1671 nudat,
1459 1622 1559 1662 mon-

249 1691 329 1725 strat
355 1693 391 1726 it.
414 1691 537 1737 pandit
560 1693 659 1726 MSS⁴
749 1698 805 1731 2¹8
840 1692 974 1737 peragit
995 1701 1069 1726 ante
1097 1694 1212 1737 Heius:
1240 1693 1299 1727 Sed
1323 1690 1441 1738 peragi
1462 1691 1534 1734 jam

442 1757 512 1799 Cuj.
533 1757 608 1791 Alci.
627 1756 661 1793 ὅ
678 1757 760 1800 conj.
778 1757 890 1790 Barth.
988 1765 1043 1792 221
1067 1755 1146 1791 falle
1166 1758 1234 1802 Bas:
1244 1768 1346 1802 marg.

920 1884 942 1918 i.
961 1883 1113 1929 pelvium
1130 1881 1280 1923 mentio,
1302 1882 1346 1917 de
1365 1880 1494 1927 quibus
1511 1881 1577 1917 sta·

203 1881 296 1916 hunc
313 1881 487 1927 praeferret
499 1910 508 1924 ‚
529 1884 653 1916 Boreas
672 1882 796 1918 furiose
817 1883 862 1917 ir-

919 1929 993 1964 tim.
1017 1928 1109 1963 Add.
1129 1928 1171 1961 ad
1195 1933 1226 1968 8,
1246 1938 1316 1972 149.
1350 1938 1405 1969 20,
1424 1937 1486 1972 279
1503 1928 1576 1979 sqq:

205 1980 263 2005 tui·
283 1983 321 2005 eo
340 1972 416 2005 loco
436 1973 541 2007 Pinus
563 1972 676 2012 arbor,
704 1984 772 2016 qua
795 1975 863 2008 Pan

207 2017 362 2050 coronari
383 2026 492 2056 amat,
517 2029 593 2061 quae
616 2018 720 2062 gemit
742 2017 783 2052 ad
804 2018 864 2052 fla-

203 2071 277 2094 tum
291 2063 413 2095 Boreae.
460 2063 550 2096 Hinc
561 2064 711 2106 Propert.
723 2074 749 2105 1,
763 2069 807 2103 18.
817 2074 862 2100 20

211 2107 349 2140 Arcadio
369 2108 463 2150 pinus
483 2109 582 2140 antica
602 2109 681 2141 Deo.

250 2161 313 2193 204
340 2153 511 2186 Terribiles
529 2153 620 2194 thiafi
643 2162 782 2197 propter
807 2151 863 2187 fu-

206 2206 320 2230 rorem
338 2196 416 2230 illos
433 2195 559 2230 choros
579 2197 777 2231 ducentium
796 2198 862 2232 sive

134 2253 137 2255 ·
202 2241 410 2275 saltantium.
455 2240 567 2275 Verba
578 2251 721 2286 gemunt,
741 2243 859 2277 &ulu-

203 2289 288 2320 latus
318 2285 360 2319 ad
387 2286 584 2321 inconditos
617 2287 801 2321 mulierum
823 2288 859 2322 ἃ

206 2330 445 2364 semivirorum
498 2331 533 2365 in
575 2331 630 2364 his
656 2331 756 2365 sacris
793 2332 861 2366 cla-

207 2387 318 2410 mores
373 2375 613 2410 describendos
673 2377 859 2422 pertinent.

205 2421 459 2462 Recordemur,
483 2421 680 2463 Horatium,
705 2433 783 2455 cum
803 2432 860 2456 ex-

202 2476 350 2499 tremum
371 2465 413 2499 ab
432 2463 483 2500 ira
495 2465 645 2501 furorem
672 2466 860 2501 describere

206 2511 294 2550 vult,
317 2512 524 2552 Car.i,i6.5
563 2523 642 2545 cum
670 2524 732 2553 eo,
757 2524 859 2556 quem

204 2557 408 2597 Dindymene
428 2556 450 2590 i.
478 2555 607 2602 Cybele
632 2558 667 2591 in
688 2556 741 2591 his
763 2569 861 2591 mon-

204 2598 298 2634 tibus
329 2601 441 2642 culta,
475 2603 620 2643 incutit,
653 2612 860 2645 comparare.

203 2643 336 2679 Ibidem
365 2646 468 2680 etiam
491 2649 699 2690 Corybantum
722 2647 758 2682 δε
787 2649 861 2682 aeo-is

354 2827 362 2844 ἱ

920 1973 980 2008 ubi
1001 1974 1103 2008 etiam
1127 1972 1169 2006 de
1189 1975 1286 2014 buxo,
1309 1973 1345 2007 &
1359 1979 1482 2019 28,259
1510 1974 1573 2008 ubi

919 2020 1059 2062 Cybeleia
1084 2030 1146 2052 aera
1176 2018 1398 2052 declaramus.

966 2074 1032 2109 ²09
1056 2064 1215 2098 Leonibus
1227 2063 1352 2106 junstis
1363 2063 1493 2107 veelam
1504 2065 1576 2115 Cy·

920 2108 1019 2143 belen
1039 2108 1154 2154 paffirn
1180 2107 1340 2143 videmus
1363 2109 1398 2142 in
1409 2119 1574 2143 nummis.

918 2157 986 2189 Leo
1026 2165 1084 2188 rex
1115 2153 1319 2187 animalium
1351 2154 1573 2189 terrestrium.

923 2201 1086 2233 Tunicam
1115 2208 1275 2232 coron-am
1303 2199 1397 2232 illius
1418 2201 1487 2242 jam
1515 2199 1575 2233 ha-

916 2242 1058 2278 buimus
1079 2243 1121 2276 ad
1140 2252 1253 2288 v.179.
1275 2242 1317 2277 cf.
1339 2253 1389 2287 24,
1412 2254 1478 2287 ¹70·

961 2299 1014 2330 2¹3
1040 2289 1107 2322 Hic
1127 2298 1209 2331 ergo
1232 2288 1383 2331 aperitur
1397 2291 1571 2333 sententia,

914 2345 990 2379 quae
1004 2335 1116 2378 sediffe
1126 2332 1203 2376 Jovi
1225 2332 1462 2378 dicitursupra
1472 2345 1572 2370 vni.

959 2389 1011 2414 221
1045 2381 1147 2422 coge,
1185 2377 1365 2422 persuade=
1397 2379 1453 2414 sed
1481 2379 1572 2415 forte

914 2423 1012 2458 fimul
1051 2421 1180 2467 philoso
1208 2422 1328 2465 hatur,
1378 2425 1414 2459 &
1440 2425 1572 2460 indicat

913 2468 1015 2503 relisti
1032 2479 1102 2502 non
1122 2479 1165 2513 po
1196 2479 1213 2501 e
1235 2471 1338 2503 armis
1357 2472 1496 2505 Veneris
1506 2471 1571 2506 h.e.

916 2514 1019 2548 dolis.
1061 2512 1152 2546 Illud
1186 2525 1234 2546 me
1263 2526 1382 2558 quoque
1413 2516 1566 2560 leporem

915 2558 1188 2593 Alexandrinum
1208 2558 1328 2599 habet,
1352 2571 1422 2604 quo
1441 2561 1570 2596 fatetur

915 2603 1073 2650 Jupiter,
1102 2602 1132 2637 se
1151 2604 1445 2641 muliercularium
1473 2605 1548 2642 eise.
