<?xml version="1.0" encoding="UTF-8"?>
<!DOCTYPE html PUBLIC "-//W3C//DTD XHTML 1.0 Transitional//EN"
    "http://www.w3.org/TR/xhtml1/DTD/xhtml1-transitional.dtd">
<html xmlns="http://www.w3.org/1999/xhtml" xml:lang="en" lang="en">
 <head>
  <title>
</title>
<meta http-equiv="Content-Type" content="text/html;charset=utf-8" />
  <meta name='ocr-system' content='tesseract 3.04.00' />
  <meta name='ocr-capabilities' content='ocr_page ocr_carea ocr_par ocr_line ocrx_word'/>
</head>
<body>
  <div class='ocr_page' id='page_1' title='image "./quaeexstantvarie02clauuoft_0178.png"; bbox 0 0 1696 2942; ppageno 0'>
   <div class='ocr_carea' id='block_1_1' title="bbox 202 866 277 905">
    <p class='ocr_par' dir='ltr' id='par_1_1' title="bbox 202 866 277 905">
     <span class='ocr_line' id='line_1_1' title="bbox 202 866 277 905; baseline 0 -4"><span class='ocrx_word' id='word_1_1' title='bbox 202 866 277 905; x_wconf 81' lang='lat'>340</span> 
     </span>
    </p>
   </div>
   <div class='ocr_carea' id='block_1_2' title="bbox 200 1234 266 1270">
    <p class='ocr_par' dir='ltr' id='par_1_2' title="bbox 200 1234 266 1270">
     <span class='ocr_line' id='line_1_2' title="bbox 200 1234 266 1270; baseline 0.03 -2"><span class='ocrx_word' id='word_1_2' title='bbox 200 1234 266 1270; x_wconf 79' lang='lat'>343</span> 
     </span>
    </p>
   </div>
   <div class='ocr_carea' id='block_1_3' title="bbox 205 1684 1308 1843">
    <p class='ocr_par' dir='ltr' id='par_1_3' title="bbox 205 1684 1308 1843">
     <span class='ocr_line' id='line_1_3' title="bbox 205 1684 1103 1731; baseline -0.001 -12"><span class='ocrx_word' id='word_1_3' title='bbox 205 1695 256 1728; x_wconf 79' lang='lat'>331</span> <span class='ocrx_word' id='word_1_4' title='bbox 283 1684 459 1720; x_wconf 83' lang='lat' dir='ltr'>clarescere</span> <span class='ocrx_word' id='word_1_5' title='bbox 483 1688 558 1720; x_wconf 77' lang='lat' dir='ltr'>MS.</span> <span class='ocrx_word' id='word_1_6' title='bbox 591 1689 714 1721; x_wconf 80' lang='lat' dir='ltr'>Claver.</span> <span class='ocrx_word' id='word_1_7' title='bbox 746 1688 802 1731; x_wconf 77' lang='lat' dir='ltr'>qui</span> <span class='ocrx_word' id='word_1_8' title='bbox 829 1687 906 1720; x_wconf 79' lang='lat' dir='ltr'>rec‘te</span> <span class='ocrx_word' id='word_1_9' title='bbox 937 1687 1103 1728; x_wconf 81' lang='lat' dir='ltr'>improbat.</span> 
     </span>
     <span class='ocr_line' id='line_1_4' title="bbox 205 1741 1308 1786; baseline -0.003 -10"><span class='ocrx_word' id='word_1_10' title='bbox 205 1752 259 1786; x_wconf 76' lang='lat'>337</span> <span class='ocrx_word' id='word_1_11' title='bbox 284 1744 484 1785; x_wconf 80' lang='lat' dir='ltr'>Ejiciendum</span> <span class='ocrx_word' id='word_1_12' title='bbox 514 1750 609 1785; x_wconf 78' lang='lat' dir='ltr'>putat</span> <span class='ocrx_word' id='word_1_13' title='bbox 639 1743 723 1775; x_wconf 83' lang='lat' dir='ltr'>hunc</span> <span class='ocrx_word' id='word_1_14' title='bbox 750 1743 875 1785; x_wconf 76' lang='lat' dir='ltr'>versum</span> <span class='ocrx_word' id='word_1_15' title='bbox 903 1742 1016 1783; x_wconf 55' lang='lat' dir='ltr'>Heius?</span> <span class='ocrx_word' id='word_1_16' title='bbox 1046 1741 1128 1783; x_wconf 82' lang='lat' dir='ltr'>jure,</span> <span class='ocrx_word' id='word_1_17' title='bbox 1161 1741 1308 1774; x_wconf 79' lang='lat' dir='ltr'><em>arbitror.</em></span> 
     </span>
     <span class='ocr_line' id='line_1_5' title="bbox 250 1798 643 1843; baseline -0.005 -12"><span class='ocrx_word' id='word_1_18' title='bbox 250 1806 394 1843; x_wconf 69' lang='lat' dir='ltr'>ptusque</span> <span class='ocrx_word' id='word_1_19' title='bbox 419 1798 511 1831; x_wconf 83' lang='lat' dir='ltr'>malit</span> <span class='ocrx_word' id='word_1_20' title='bbox 529 1798 643 1840; x_wconf 75' lang='lat' dir='ltr'>Heius</span> 
     </span>
    </p>
   </div>
   <div class='ocr_carea' id='block_1_4' title="bbox 283 60 1307 151">
    <p class='ocr_par' dir='ltr' id='par_1_4' title="bbox 283 60 1307 151">
     <span class='ocr_line' id='line_1_6' title="bbox 283 60 1307 151; baseline -0.002 -14"><span class='ocrx_word' id='word_1_21' title='bbox 283 110 357 151; x_wconf 76' lang='lat'>572</span> <span class='ocrx_word' id='word_1_22' title='bbox 584 94 672 138; x_wconf 82' lang='lat' dir='ltr'>CL.</span> <span class='ocrx_word' id='word_1_23' title='bbox 714 93 1100 136; x_wconf 81' lang='lat' dir='ltr'><strong>CLAUDIANI</strong></span> <span class='ocrx_word' id='word_1_24' title='bbox 1133 60 1307 136; x_wconf 61' lang='lat' dir='ltr'>xxiw</span> 
     </span>
    </p>
   </div>
   <div class='ocr_carea' id='block_1_5' title="bbox 308 191 1472 1497">
    <p class='ocr_par' dir='ltr' id='par_1_5' title="bbox 308 191 1472 1497">
     <span class='ocr_line' id='line_1_7' title="bbox 312 191 1410 249; baseline -0.003 -13"><span class='ocrx_word' id='word_1_25' title='bbox 312 193 507 249; x_wconf 85' lang='lat' dir='ltr'>Squalor,</span> <span class='ocrx_word' id='word_1_26' title='bbox 546 192 589 234; x_wconf 83' lang='lat'>&amp;</span> <span class='ocrx_word' id='word_1_27' title='bbox 610 199 806 231; x_wconf 63' lang='lat' dir='ltr'>aeternam</span> <span class='ocrx_word' id='word_1_28' title='bbox 836 191 986 244; x_wconf 87' lang='lat' dir='ltr'>patitur</span> <span class='ocrx_word' id='word_1_29' title='bbox 1010 191 1207 231; x_wconf 78' lang='lat' dir='ltr'>rarescere</span> <span class='ocrx_word' id='word_1_30' title='bbox 1236 191 1410 233; x_wconf 64' lang='lat' dir='ltr'>noftem.</span> 
     </span>
     <span class='ocr_line' id='line_1_8' title="bbox 308 263 1242 308; baseline -0.004 -1"><span class='ocrx_word' id='word_1_31' title='bbox 308 267 421 308; x_wconf 84' lang='lat' dir='ltr'>Urna</span> <span class='ocrx_word' id='word_1_32' title='bbox 451 280 524 305; x_wconf 90' lang='lat' dir='ltr'>nec</span> <span class='ocrx_word' id='word_1_33' title='bbox 558 266 735 305; x_wconf 85' lang='lat' dir='ltr'>incertas</span> <span class='ocrx_word' id='word_1_34' title='bbox 756 263 885 304; x_wconf 83' lang='lat' dir='ltr'>versat</span> <span class='ocrx_word' id='word_1_35' title='bbox 914 264 1068 304; x_wconf 67' lang='lat' dir='ltr'>Minoia</span> <span class='ocrx_word' id='word_1_36' title='bbox 1101 264 1242 304; x_wconf 85' lang='lat' dir='ltr'>sortes.</span> 
     </span>
     <span class='ocr_line' id='line_1_9' title="bbox 309 338 1422 392; baseline 0 -11"><span class='ocrx_word' id='word_1_37' title='bbox 309 342 485 381; x_wconf 84' lang='lat' dir='ltr'>Verbera</span> <span class='ocrx_word' id='word_1_38' title='bbox 504 340 617 380; x_wconf 86' lang='lat' dir='ltr'>nulla</span> <span class='ocrx_word' id='word_1_39' title='bbox 649 339 810 385; x_wconf 86' lang='lat' dir='ltr'>sonant,</span> <span class='ocrx_word' id='word_1_40' title='bbox 839 338 1033 392; x_wconf 89' lang='lat' dir='ltr'>nulloque</span> <span class='ocrx_word' id='word_1_41' title='bbox 1061 339 1279 380; x_wconf 86' lang='lat' dir='ltr'>frementia</span> <span class='ocrx_word' id='word_1_42' title='bbox 1309 338 1422 381; x_wconf 61' lang='lat' dir='ltr'>lufitu</span> 
     </span>
     <span class='ocr_line' id='line_1_10' title="bbox 312 410 1214 466; baseline -0.003 -12"><span class='ocrx_word' id='word_1_43' title='bbox 312 414 444 466; x_wconf 80' lang='lat' dir='ltr'>Impia</span> <span class='ocrx_word' id='word_1_44' title='bbox 473 412 608 452; x_wconf 87' lang='lat' dir='ltr'>dilatis</span> <span class='ocrx_word' id='word_1_45' title='bbox 641 411 837 465; x_wconf 80' lang='lat' dir='ltr'>respirant</span> <span class='ocrx_word' id='word_1_46' title='bbox 865 410 1036 451; x_wconf 87' lang='lat' dir='ltr'>Tartara</span> <span class='ocrx_word' id='word_1_47' title='bbox 1065 412 1214 465; x_wconf 81' lang='lat' dir='ltr'>poenis.</span> 
     </span>
     <span class='ocr_line' id='line_1_11' title="bbox 310 486 1371 541; baseline -0.002 -12"><span class='ocrx_word' id='word_1_48' title='bbox 310 489 405 530; x_wconf 89' lang='lat' dir='ltr'>Non</span> <span class='ocrx_word' id='word_1_49' title='bbox 430 496 518 527; x_wconf 88' lang='lat' dir='ltr'>rota</span> <span class='ocrx_word' id='word_1_50' title='bbox 539 486 766 539; x_wconf 80' lang='lat' dir='ltr'>suspensum</span> <span class='ocrx_word' id='word_1_51' title='bbox 792 499 975 540; x_wconf 72' lang='lat' dir='ltr'>praeceps</span> <span class='ocrx_word' id='word_1_52' title='bbox 998 486 1144 526; x_wconf 83' lang='lat' dir='ltr'>Ixiona</span> <span class='ocrx_word' id='word_1_53' title='bbox 1176 493 1371 541; x_wconf 76' lang='lat' dir='ltr'>torquet:</span> 
     </span>
     <span class='ocr_line' id='line_1_12' title="bbox 308 561 1354 616; baseline -0.001 -13"><span class='ocrx_word' id='word_1_54' title='bbox 308 563 404 604; x_wconf 88' lang='lat' dir='ltr'>Non</span> <span class='ocrx_word' id='word_1_55' title='bbox 435 575 537 616; x_wconf 83' lang='lat' dir='ltr'>aqua</span> <span class='ocrx_word' id='word_1_56' title='bbox 562 561 771 602; x_wconf 76' lang='lat' dir='ltr'>Tantaleis</span> <span class='ocrx_word' id='word_1_57' title='bbox 798 561 1032 602; x_wconf 83' lang='lat' dir='ltr'>subducitur</span> <span class='ocrx_word' id='word_1_58' title='bbox 1052 561 1188 601; x_wconf 85' lang='lat' dir='ltr'>invida</span> <span class='ocrx_word' id='word_1_59' title='bbox 1219 561 1354 602; x_wconf 84' lang='lat' dir='ltr'>labris.</span> 
     </span>
     <span class='ocr_line' id='line_1_13' title="bbox 312 632 1311 688; baseline -0.002 -14"><span class='ocrx_word' id='word_1_60' title='bbox 312 633 517 688; x_wconf 80' lang='lat' dir='ltr'>[Solvitur</span> <span class='ocrx_word' id='word_1_61' title='bbox 548 634 693 675; x_wconf 84' lang='lat' dir='ltr'>Ixion:</span> <span class='ocrx_word' id='word_1_62' title='bbox 724 634 896 674; x_wconf 79' lang='lat' dir='ltr'>invenit,</span> <span class='ocrx_word' id='word_1_63' title='bbox 917 632 1116 673; x_wconf 77' lang='lat' dir='ltr'>Tantalus</span> <span class='ocrx_word' id='word_1_64' title='bbox 1146 632 1311 687; x_wconf 61' lang='lat' dir='ltr'>undas]</span> 
     </span>
     <span class='ocr_line' id='line_1_14' title="bbox 311 708 1257 765; baseline -0.003 -14"><span class='ocrx_word' id='word_1_65' title='bbox 311 709 367 751; x_wconf 83' lang='lat' dir='ltr'>Et</span> <span class='ocrx_word' id='word_1_66' title='bbox 385 709 537 765; x_wconf 75' lang='lat' dir='ltr'>Tityos</span> <span class='ocrx_word' id='word_1_67' title='bbox 566 710 727 750; x_wconf 83' lang='lat' dir='ltr'>tandem</span> <span class='ocrx_word' id='word_1_68' title='bbox 750 708 940 763; x_wconf 83' lang='lat' dir='ltr'>spatiosos</span> <span class='ocrx_word' id='word_1_69' title='bbox 972 709 1094 763; x_wconf 80' lang='lat' dir='ltr'>erigit</span> <span class='ocrx_word' id='word_1_70' title='bbox 1123 715 1257 748; x_wconf 86' lang='lat' dir='ltr'>artus:</span> 
     </span>
     <span class='ocr_line' id='line_1_15' title="bbox 311 781 1360 838; baseline -0.002 -16"><span class='ocrx_word' id='word_1_71' title='bbox 311 781 618 838; x_wconf 84' lang='lat' dir='ltr'>Squalentisque</span> <span class='ocrx_word' id='word_1_72' title='bbox 660 796 810 823; x_wconf 84' lang='lat' dir='ltr'>novem</span> <span class='ocrx_word' id='word_1_73' title='bbox 850 783 1011 822; x_wconf 82' lang='lat' dir='ltr'>detexit</span> <span class='ocrx_word' id='word_1_74' title='bbox 1040 783 1186 835; x_wconf 73' lang='lat' dir='ltr'>jugera</span> <span class='ocrx_word' id='word_1_75' title='bbox 1216 781 1360 834; x_wconf 87' lang='lat' dir='ltr'>campi.</span> 
     </span>
     <span class='ocr_line' id='line_1_16' title="bbox 316 852 1386 910; baseline -0.002 -15"><span class='ocrx_word' id='word_1_76' title='bbox 316 855 474 895; x_wconf 85' lang='lat' dir='ltr'>Tantus</span> <span class='ocrx_word' id='word_1_77' title='bbox 515 869 612 895; x_wconf 74' lang='lat' dir='ltr'>erar.</span> <span class='ocrx_word' id='word_1_78' title='bbox 656 854 869 910; x_wconf 82' lang='lat' dir='ltr'>laterisque</span> <span class='ocrx_word' id='word_1_79' title='bbox 911 856 1029 910; x_wconf 73' lang='lat' dir='ltr'>piger</span> <span class='ocrx_word' id='word_1_80' title='bbox 1074 854 1246 894; x_wconf 78' lang='lat' dir='ltr'>sulcator</span> <span class='ocrx_word' id='word_1_81' title='bbox 1269 850 1415 906; x_wconf 80' lang='lat' dir='ltr'>opaci</span> 
     </span>
     <span class='ocr_line' id='line_1_17' title="bbox 313 927 1284 982; baseline -0.004 -13"><span class='ocrx_word' id='word_1_82' title='bbox 313 928 476 969; x_wconf 85' lang='lat' dir='ltr'>Invitus</span> <span class='ocrx_word' id='word_1_83' title='bbox 514 928 688 969; x_wconf 77' lang='lat' dir='ltr'>trahitur</span> <span class='ocrx_word' id='word_1_84' title='bbox 724 927 820 968; x_wconf 86' lang='lat' dir='ltr'>lasso</span> <span class='ocrx_word' id='word_1_85' title='bbox 849 929 898 968; x_wconf 86' lang='lat' dir='ltr'>de.</span> <span class='ocrx_word' id='word_1_86' title='bbox 931 927 1096 982; x_wconf 56' lang='lat' dir='ltr'>penore</span> <span class='ocrx_word' id='word_1_87' title='bbox 1131 928 1284 972; x_wconf 84' lang='lat' dir='ltr'>vultur,</span> 
     </span>
     <span class='ocr_line' id='line_1_18' title="bbox 313 996 1439 1055; baseline -0.004 -14"><span class='ocrx_word' id='word_1_88' title='bbox 313 1002 597 1055; x_wconf 82' lang='lat' dir='ltr'>Abreptasque</span> <span class='ocrx_word' id='word_1_89' title='bbox 630 1001 742 1041; x_wconf 88' lang='lat' dir='ltr'>dolet</span> <span class='ocrx_word' id='word_1_90' title='bbox 758 1002 843 1055; x_wconf 86' lang='lat' dir='ltr'>jam</span> <span class='ocrx_word' id='word_1_91' title='bbox 875 1015 957 1041; x_wconf 92' lang='lat' dir='ltr'>non</span> <span class='ocrx_word' id='word_1_92' title='bbox 993 999 1064 1041; x_wconf 89' lang='lat' dir='ltr'>fibi</span> <span class='ocrx_word' id='word_1_93' title='bbox 1095 1000 1274 1040; x_wconf 79' lang='lat' dir='ltr'>crescere</span> <span class='ocrx_word' id='word_1_94' title='bbox 1304 996 1439 1038; x_wconf 77' lang='lat' dir='ltr'>fibras.</span> 
     </span>
     <span class='ocr_line' id='line_1_19' title="bbox 369 1073 1249 1128; baseline -0.003 -13"><span class='ocrx_word' id='word_1_95' title='bbox 369 1074 520 1115; x_wconf 81' lang='lat' dir='ltr'>Oblitae</span> <span class='ocrx_word' id='word_1_96' title='bbox 551 1073 747 1114; x_wconf 83' lang='lat' dir='ltr'>scelerum</span> <span class='ocrx_word' id='word_1_97' title='bbox 783 1073 1071 1128; x_wconf 82' lang='lat' dir='ltr'>formidatique</span> <span class='ocrx_word' id='word_1_98' title='bbox 1099 1073 1249 1113; x_wconf 82' lang='lat' dir='ltr'>furoris</span> 
     </span>
     <span class='ocr_line' id='line_1_20' title="bbox 311 1149 1301 1204; baseline -0.003 -13"><span class='ocrx_word' id='word_1_99' title='bbox 311 1150 563 1191; x_wconf 77' lang='lat' dir='ltr'>Eumenides</span> <span class='ocrx_word' id='word_1_100' title='bbox 595 1157 750 1190; x_wconf 82' lang='lat' dir='ltr'>cratera</span> <span class='ocrx_word' id='word_1_101' title='bbox 788 1157 944 1204; x_wconf 85' lang='lat' dir='ltr'>parant,</span> <span class='ocrx_word' id='word_1_102' title='bbox 974 1149 1016 1190; x_wconf 88' lang='lat'>&amp;</span> <span class='ocrx_word' id='word_1_103' title='bbox 1047 1151 1141 1189; x_wconf 86' lang='lat' dir='ltr'>vina</span> <span class='ocrx_word' id='word_1_104' title='bbox 1172 1149 1301 1189; x_wconf 86' lang='lat' dir='ltr'>feroci</span> 
     </span>
     <span class='ocr_line' id='line_1_21' title="bbox 313 1221 1472 1276; baseline -0.003 -13"><span class='ocrx_word' id='word_1_105' title='bbox 313 1221 436 1263; x_wconf 82' lang='lat' dir='ltr'>Crine</span> <span class='ocrx_word' id='word_1_106' title='bbox 458 1223 613 1263; x_wconf 82' lang='lat' dir='ltr'>bibunt.</span> <span class='ocrx_word' id='word_1_107' title='bbox 641 1221 839 1276; x_wconf 87' lang='lat' dir='ltr'>flexisque</span> <span class='ocrx_word' id='word_1_108' title='bbox 890 1222 1011 1262; x_wconf 84' lang='lat' dir='ltr'>minis</span> <span class='ocrx_word' id='word_1_109' title='bbox 1028 1221 1115 1275; x_wconf 85' lang='lat' dir='ltr'>jam</span> <span class='ocrx_word' id='word_1_110' title='bbox 1152 1221 1245 1262; x_wconf 88' lang='lat' dir='ltr'>lene</span> <span class='ocrx_word' id='word_1_111' title='bbox 1276 1224 1472 1260; x_wconf 85' lang='lat' dir='ltr'>canentes</span> 
     </span>
     <span class='ocr_line' id='line_1_22' title="bbox 1169 1293 1351 1340; baseline 0 -7"><span class='ocrx_word' id='word_1_112' title='bbox 1169 1293 1351 1340; x_wconf 80' lang='lat' dir='ltr'>cerastas,</span> 
     </span>
     <span class='ocr_line' id='line_1_23' title="bbox 315 1368 1305 1412; baseline -0.006 0"><span class='ocrx_word' id='word_1_113' title='bbox 315 1369 379 1412; x_wconf 86' lang='lat' dir='ltr'>Ac</span> <span class='ocrx_word' id='word_1_114' title='bbox 409 1368 528 1410; x_wconf 76' lang='lat' dir='ltr'>festas</span> <span class='ocrx_word' id='word_1_115' title='bbox 568 1370 648 1409; x_wconf 87' lang='lat' dir='ltr'>alio</span> <span class='ocrx_word' id='word_1_116' title='bbox 685 1369 934 1409; x_wconf 81' lang='lat' dir='ltr'>succendunt</span> <span class='ocrx_word' id='word_1_117' title='bbox 973 1369 1128 1408; x_wconf 87' lang='lat' dir='ltr'>lumine</span> <span class='ocrx_word' id='word_1_118' title='bbox 1166 1369 1305 1409; x_wconf 74' lang='lat' dir='ltr'>taedas.</span> 
     </span>
     <span class='ocr_line' id='line_1_24' title="bbox 372 1442 1365 1497; baseline -0.002 -14"><span class='ocrx_word' id='word_1_119' title='bbox 372 1443 492 1483; x_wconf 88' lang='lat' dir='ltr'>Tunc</span> <span class='ocrx_word' id='word_1_120' title='bbox 524 1442 567 1484; x_wconf 88' lang='lat'>&amp;</span> <span class='ocrx_word' id='word_1_121' title='bbox 595 1442 774 1497; x_wconf 85' lang='lat' dir='ltr'>pestiferi</span> <span class='ocrx_word' id='word_1_122' title='bbox 805 1450 994 1497; x_wconf 83' lang='lat' dir='ltr'>pacatum</span> <span class='ocrx_word' id='word_1_123' title='bbox 1025 1442 1178 1483; x_wconf 88' lang='lat' dir='ltr'>flumen</span> <span class='ocrx_word' id='word_1_124' title='bbox 1208 1442 1365 1483; x_wconf 87' lang='lat' dir='ltr'>Averni</span> 
     </span>
    </p>
   </div>
   <div class='ocr_carea' id='block_1_6' title="bbox 318 1515 1582 1630">
    <p class='ocr_par' dir='ltr' id='par_1_6' title="bbox 318 1515 1582 1630">
     <span class='ocr_line' id='line_1_25' title="bbox 318 1515 1366 1573; baseline -0.004 -13"><span class='ocrx_word' id='word_1_125' title='bbox 318 1518 516 1560; x_wconf 87' lang='lat' dir='ltr'>Innocuae</span> <span class='ocrx_word' id='word_1_126' title='bbox 545 1516 736 1558; x_wconf 78' lang='lat' dir='ltr'>transistis</span> <span class='ocrx_word' id='word_1_127' title='bbox 769 1531 890 1565; x_wconf 87' lang='lat' dir='ltr'>aves,</span> <span class='ocrx_word' id='word_1_128' title='bbox 929 1517 1151 1573; x_wconf 82' lang='lat' dir='ltr'>flatumque</span> <span class='ocrx_word' id='word_1_129' title='bbox 1181 1515 1366 1572; x_wconf 83' lang='lat' dir='ltr'>repressit</span> 
     </span>
     <span class='ocr_line' id='line_1_26' title="bbox 1316 1585 1582 1630; baseline -0.011 0"><span class='ocrx_word' id='word_1_130' title='bbox 1316 1585 1582 1630; x_wconf 67' lang='lat' dir='ltr'>Amsanftus:</span> 
     </span>
    </p>
   </div>
   <div class='ocr_carea' id='block_1_7' title="bbox 314 1295 1138 1349">
    <p class='ocr_par' dir='ltr' id='par_1_7' title="bbox 314 1295 1138 1349">
     <span class='ocr_line' id='line_1_27' title="bbox 314 1295 1138 1349; baseline -0.002 -13"><span class='ocrx_word' id='word_1_131' title='bbox 314 1295 554 1336; x_wconf 82' lang='lat' dir='ltr'>Extendunt</span> <span class='ocrx_word' id='word_1_132' title='bbox 594 1295 723 1335; x_wconf 78' lang='lat' dir='ltr'>socios</span> <span class='ocrx_word' id='word_1_133' title='bbox 756 1295 806 1334; x_wconf 85' lang='lat' dir='ltr'>ad</span> <span class='ocrx_word' id='word_1_134' title='bbox 838 1295 983 1348; x_wconf 82' lang='lat' dir='ltr'>pocula</span> <span class='ocrx_word' id='word_1_135' title='bbox 1017 1295 1138 1349; x_wconf 76' lang='lat' dir='ltr'>plena</span> 
     </span>
    </p>
   </div>
   <div class='ocr_carea' id='block_1_8' title="bbox 747 1683 1583 1839">
    <p class='ocr_par' dir='ltr' id='par_1_8' title="bbox 747 1683 1583 1839">
     <span class='ocr_line' id='line_1_28' title="bbox 1194 1683 1582 1727; baseline -0.015 -7"><span class='ocrx_word' id='word_1_136' title='bbox 1194 1684 1252 1727; x_wconf 77' lang='lat'>336</span> <span class='ocrx_word' id='word_1_137' title='bbox 1278 1683 1466 1718; x_wconf 84' lang='lat' dir='ltr'>Tantalicis</span> <span class='ocrx_word' id='word_1_138' title='bbox 1490 1684 1582 1726; x_wconf 86' lang='lat' dir='ltr'><em>vulg.</em></span> 
     </span>
     <span class='ocr_line' id='line_1_29' title="bbox 1400 1737 1583 1782; baseline -0.022 -7"><span class='ocrx_word' id='word_1_139' title='bbox 1400 1748 1458 1782; x_wconf 86' lang='lat'>342</span> <span class='ocrx_word' id='word_1_140' title='bbox 1481 1737 1583 1772; x_wconf 80' lang='lat' dir='ltr'>abru-</span> 
     </span>
     <span class='ocr_line' id='line_1_30' title="bbox 747 1795 1539 1839; baseline -0.015 -7"><span class='ocrx_word' id='word_1_141' title='bbox 747 1806 803 1839; x_wconf 78' lang='lat'>343</span> <span class='ocrx_word' id='word_1_142' title='bbox 836 1795 1114 1839; x_wconf 75' lang='lat' dir='ltr'>formidandique</span> <span class='ocrx_word' id='word_1_143' title='bbox 1144 1798 1244 1830; x_wconf 73' lang='lat' dir='ltr'><em>MSS.</em></span> <span class='ocrx_word' id='word_1_144' title='bbox 1335 1801 1399 1838; x_wconf 84' lang='lat'>348</span> <span class='ocrx_word' id='word_1_145' title='bbox 1432 1795 1539 1829; x_wconf 71' lang='lat' dir='ltr'>limen</span> 
     </span>
    </p>
   </div>
   <div class='ocr_carea' id='block_1_9' title="bbox 542 1851 1227 1897">
    <p class='ocr_par' dir='ltr' id='par_1_9' title="bbox 542 1851 1227 1897">
     <span class='ocr_line' id='line_1_31' title="bbox 542 1851 1227 1897; baseline 0 -11"><span class='ocrx_word' id='word_1_146' title='bbox 542 1854 633 1897; x_wconf 86' lang='lat' dir='ltr'><em>vulg.</em></span> <span class='ocrx_word' id='word_1_147' title='bbox 657 1851 787 1887; x_wconf 84' lang='lat' dir='ltr'>flumen</span> <span class='ocrx_word' id='word_1_148' title='bbox 804 1853 880 1888; x_wconf 76' lang='lat' dir='ltr'>Alci.</span> <span class='ocrx_word' id='word_1_149' title='bbox 903 1855 972 1896; x_wconf 74' lang='lat' dir='ltr'>Bafi</span> <span class='ocrx_word' id='word_1_150' title='bbox 1000 1864 1102 1896; x_wconf 82' lang='lat' dir='ltr'><em>marg.</em></span> <span class='ocrx_word' id='word_1_151' title='bbox 1126 1853 1227 1886; x_wconf 76' lang='lat' dir='ltr'><strong><em>MSS.</em></strong></span> 
     </span>
    </p>
   </div>
   <div class='ocr_carea' id='block_1_10' title="bbox 207 1985 871 2707">
    <p class='ocr_par' dir='ltr' id='par_1_10' title="bbox 207 1985 870 2518">
     <span class='ocr_line' id='line_1_32' title="bbox 252 1985 867 2030; baseline -0.003 -8"><span class='ocrx_word' id='word_1_152' title='bbox 252 1997 306 2030; x_wconf 78' lang='lat'>332</span> <span class='ocrx_word' id='word_1_153' title='bbox 335 1990 425 2021; x_wconf 76' lang='lat' dir='ltr'>Urna</span> <span class='ocrx_word' id='word_1_154' title='bbox 452 1988 578 2021; x_wconf 84' lang='lat' dir='ltr'>Minoia</span> <span class='ocrx_word' id='word_1_155' title='bbox 609 1985 750 2020; x_wconf 81' lang='lat' dir='ltr'>sortitur</span> <span class='ocrx_word' id='word_1_156' title='bbox 774 1987 867 2030; x_wconf 85' lang='lat' dir='ltr'>judi-</span> 
     </span>
     <span class='ocr_line' id='line_1_33' title="bbox 207 2032 865 2076; baseline -0.002 -10"><span class='ocrx_word' id='word_1_157' title='bbox 207 2043 261 2066; x_wconf 80' lang='lat' dir='ltr'>ces</span> <span class='ocrx_word' id='word_1_158' title='bbox 300 2033 419 2072; x_wconf 84' lang='lat' dir='ltr'>malis,</span> <span class='ocrx_word' id='word_1_159' title='bbox 466 2032 507 2065; x_wconf 89' lang='lat' dir='ltr'>de</span> <span class='ocrx_word' id='word_1_160' title='bbox 543 2043 610 2076; x_wconf 80' lang='lat' dir='ltr'>qua</span> <span class='ocrx_word' id='word_1_161' title='bbox 641 2034 728 2066; x_wconf 89' lang='lat' dir='ltr'>Aen.</span> <span class='ocrx_word' id='word_1_162' title='bbox 749 2032 783 2073; x_wconf 77' lang='lat'>6,</span> <span class='ocrx_word' id='word_1_163' title='bbox 806 2041 865 2073; x_wconf 75' lang='lat'>432</span> 
     </span>
     <span class='ocr_line' id='line_1_34' title="bbox 207 2077 868 2123; baseline 0 -13"><span class='ocrx_word' id='word_1_164' title='bbox 207 2080 359 2123; x_wconf 70' lang='lat' dir='ltr'>Qtaefitor</span> <span class='ocrx_word' id='word_1_165' title='bbox 377 2078 487 2110; x_wconf 77' lang='lat' dir='ltr'>Minos</span> <span class='ocrx_word' id='word_1_166' title='bbox 506 2089 618 2110; x_wconf 81' lang='lat' dir='ltr'>urnam</span> <span class='ocrx_word' id='word_1_167' title='bbox 637 2087 750 2111; x_wconf 81' lang='lat' dir='ltr'>movet.</span> <span class='ocrx_word' id='word_1_168' title='bbox 788 2077 868 2110; x_wconf 80' lang='lat' dir='ltr'>Alia</span> 
     </span>
     <span class='ocr_line' id='line_1_35' title="bbox 209 2121 866 2166; baseline 0 -11"><span class='ocrx_word' id='word_1_169' title='bbox 209 2124 256 2157; x_wconf 82' lang='lat' dir='ltr'>est</span> <span class='ocrx_word' id='word_1_170' title='bbox 286 2122 346 2155; x_wconf 75' lang='lat' dir='ltr'>illa</span> <span class='ocrx_word' id='word_1_171' title='bbox 378 2121 469 2166; x_wconf 83' lang='lat' dir='ltr'>apud</span> <span class='ocrx_word' id='word_1_172' title='bbox 513 2123 597 2154; x_wconf 86' lang='lat' dir='ltr'>Hor.</span> <span class='ocrx_word' id='word_1_173' title='bbox 628 2124 706 2155; x_wconf 76' lang='lat' dir='ltr'>Car.</span> <span class='ocrx_word' id='word_1_174' title='bbox 733 2133 796 2164; x_wconf 74' lang='lat'>3,1</span> <span class='ocrx_word' id='word_1_175' title='bbox 832 2122 866 2155; x_wconf 74' lang='lat'>16</span> 
     </span>
     <span class='ocr_line' id='line_1_36' title="bbox 208 2176 866 2211; baseline -0.003 -9"><span class='ocrx_word' id='word_1_176' title='bbox 208 2179 290 2202; x_wconf 76' lang='lat' dir='ltr'>uma</span> <span class='ocrx_word' id='word_1_177' title='bbox 313 2177 429 2210; x_wconf 73' lang='lat' dir='ltr'>capax,</span> <span class='ocrx_word' id='word_1_178' title='bbox 473 2177 547 2211; x_wconf 82' lang='lat' dir='ltr'>quae</span> <span class='ocrx_word' id='word_1_179' title='bbox 565 2176 670 2200; x_wconf 82' lang='lat' dir='ltr'>movet</span> <span class='ocrx_word' id='word_1_180' title='bbox 698 2179 787 2200; x_wconf 83' lang='lat' dir='ltr'>omne</span> <span class='ocrx_word' id='word_1_181' title='bbox 811 2179 866 2200; x_wconf 82' lang='lat' dir='ltr'>no-</span> 
     </span>
     <span class='ocr_line' id='line_1_37' title="bbox 208 2213 867 2256; baseline -0.003 -8"><span class='ocrx_word' id='word_1_182' title='bbox 208 2225 300 2253; x_wconf 83' lang='lat' dir='ltr'>men,</span> <span class='ocrx_word' id='word_1_183' title='bbox 330 2223 399 2256; x_wconf 82' lang='lat' dir='ltr'>qua</span> <span class='ocrx_word' id='word_1_184' title='bbox 427 2213 564 2245; x_wconf 77' lang='lat' dir='ltr'>emnium</span> <span class='ocrx_word' id='word_1_185' title='bbox 580 2214 648 2253; x_wconf 78' lang='lat' dir='ltr'>fim-</span> <span class='ocrx_word' id='word_1_186' title='bbox 675 2215 820 2256; x_wconf 72' lang='lat' dir='ltr'>verfiztur</span> <span class='ocrx_word' id='word_1_187' title='bbox 838 2222 867 2252; x_wconf 84' lang='lat'>2,</span> 
     </span>
     <span class='ocr_line' id='line_1_38' title="bbox 209 2256 870 2301; baseline -0.005 -9"><span class='ocrx_word' id='word_1_188' title='bbox 209 2259 304 2301; x_wconf 84' lang='lat'><strong>3.26.</strong></span> <span class='ocrx_word' id='word_1_189' title='bbox 353 2258 426 2290; x_wconf 77' lang='lat' dir='ltr'>Hac</span> <span class='ocrx_word' id='word_1_190' title='bbox 457 2256 673 2298; x_wconf 81' lang='lat' dir='ltr'>decernitur,</span> <span class='ocrx_word' id='word_1_191' title='bbox 697 2269 770 2300; x_wconf 84' lang='lat' dir='ltr'>quae</span> <span class='ocrx_word' id='word_1_192' title='bbox 797 2257 870 2290; x_wconf 83' lang='lat' dir='ltr'>ani-</span> 
     </span>
     <span class='ocr_line' id='line_1_39' title="bbox 210 2300 868 2345; baseline -0.005 -8"><span class='ocrx_word' id='word_1_193' title='bbox 210 2315 274 2337; x_wconf 85' lang='lat' dir='ltr'>mae</span> <span class='ocrx_word' id='word_1_194' title='bbox 293 2303 341 2336; x_wconf 87' lang='lat' dir='ltr'>ire</span> <span class='ocrx_word' id='word_1_195' title='bbox 355 2301 397 2335; x_wconf 84' lang='lat' dir='ltr'>ad</span> <span class='ocrx_word' id='word_1_196' title='bbox 417 2300 565 2345; x_wconf 79' lang='lat' dir='ltr'>superos,</span> <span class='ocrx_word' id='word_1_197' title='bbox 591 2313 666 2344; x_wconf 81' lang='lat' dir='ltr'>quae</span> <span class='ocrx_word' id='word_1_198' title='bbox 685 2302 726 2334; x_wconf 77' lang='lat' dir='ltr'>ad</span> <span class='ocrx_word' id='word_1_199' title='bbox 742 2301 868 2335; x_wconf 82' lang='lat' dir='ltr'>inferos</span> 
     </span>
     <span class='ocr_line' id='line_1_40' title="bbox 209 2345 868 2382; baseline -0.005 0"><span class='ocrx_word' id='word_1_200' title='bbox 209 2348 322 2382; x_wconf 80' lang='lat' dir='ltr'>redire</span> <span class='ocrx_word' id='word_1_201' title='bbox 348 2345 504 2380; x_wconf 83' lang='lat' dir='ltr'>debeant.</span> <span class='ocrx_word' id='word_1_202' title='bbox 549 2347 632 2379; x_wconf 80' lang='lat' dir='ltr'>Haec</span> <span class='ocrx_word' id='word_1_203' title='bbox 663 2346 708 2379; x_wconf 86' lang='lat' dir='ltr'>est</span> <span class='ocrx_word' id='word_1_204' title='bbox 737 2346 868 2380; x_wconf 77' lang='lat' dir='ltr'>sortitio</span> 
     </span>
     <span class='ocr_line' id='line_1_41' title="bbox 213 2390 868 2435; baseline -0.003 -8"><span class='ocrx_word' id='word_1_205' title='bbox 213 2394 407 2427; x_wconf 74' lang='lat' dir='ltr'>animarum</span> <span class='ocrx_word' id='word_1_206' title='bbox 420 2404 430 2431; x_wconf 90' lang='lat'><em>;</em></span> <span class='ocrx_word' id='word_1_207' title='bbox 453 2402 555 2435; x_wconf 78' lang='lat' dir='ltr'>quam</span> <span class='ocrx_word' id='word_1_208' title='bbox 568 2390 728 2425; x_wconf 84' lang='lat' dir='ltr'>describit</span> <span class='ocrx_word' id='word_1_209' title='bbox 741 2403 779 2425; x_wconf 77' lang='lat' dir='ltr'>ex</span> <span class='ocrx_word' id='word_1_210' title='bbox 792 2392 868 2425; x_wconf 88' lang='lat' dir='ltr'>Eris</span> 
     </span>
     <span class='ocr_line' id='line_1_42' title="bbox 209 2435 867 2482; baseline -0.005 -9"><span class='ocrx_word' id='word_1_211' title='bbox 209 2437 407 2482; x_wconf 72' lang='lat' dir='ltr'>Pamphylii</span> <span class='ocrx_word' id='word_1_212' title='bbox 437 2435 578 2481; x_wconf 85' lang='lat' dir='ltr'>persona</span> <span class='ocrx_word' id='word_1_213' title='bbox 599 2437 696 2471; x_wconf 77' lang='lat' dir='ltr'>Plato</span> <span class='ocrx_word' id='word_1_214' title='bbox 727 2437 768 2470; x_wconf 88' lang='lat' dir='ltr'>de</span> <span class='ocrx_word' id='word_1_215' title='bbox 795 2448 867 2482; x_wconf 86' lang='lat' dir='ltr'>rep.</span> 
     </span>
     <span class='ocr_line' id='line_1_43' title="bbox 211 2493 297 2518; baseline -0.023 0"><span class='ocrx_word' id='word_1_216' title='bbox 211 2493 297 2518; x_wconf 81' lang='lat' dir='ltr'>extr.</span> 
     </span>
    </p>

    <p class='ocr_par' dir='ltr' id='par_1_11' title="bbox 211 2527 871 2667">
     <span class='ocr_line' id='line_1_44' title="bbox 259 2527 871 2570; baseline -0.003 -9"><span class='ocrx_word' id='word_1_217' title='bbox 259 2537 312 2570; x_wconf 82' lang='lat'>335</span> <span class='ocrx_word' id='word_1_218' title='bbox 356 2527 469 2561; x_wconf 84' lang='lat' dir='ltr'>Etiam</span> <span class='ocrx_word' id='word_1_219' title='bbox 505 2529 625 2561; x_wconf 82' lang='lat' dir='ltr'>Ixionis</span> <span class='ocrx_word' id='word_1_220' title='bbox 663 2527 699 2561; x_wconf 70' lang='grc' dir='ltr'>δε</span> <span class='ocrx_word' id='word_1_221' title='bbox 740 2528 871 2561; x_wconf 77' lang='lat' dir='ltr'>Tantali</span> 
     </span>
     <span class='ocr_line' id='line_1_45' title="bbox 216 2571 870 2622; baseline 0 -16"><span class='ocrx_word' id='word_1_222' title='bbox 216 2575 350 2617; x_wconf 83' lang='lat' dir='ltr'>Tityque</span> <span class='ocrx_word' id='word_1_223' title='bbox 407 2583 524 2617; x_wconf 82' lang='lat' dir='ltr'>poenas</span> <span class='ocrx_word' id='word_1_224' title='bbox 564 2571 667 2606; x_wconf 85' lang='lat' dir='ltr'>debet</span> <span class='ocrx_word' id='word_1_225' title='bbox 719 2572 870 2622; x_wconf 62' lang='lat' dir='ltr'>Virgilio</span> 
     </span>
     <span class='ocr_line' id='line_1_46' title="bbox 211 2616 740 2667; baseline 0.006 -9"><span class='ocrx_word' id='word_1_226' title='bbox 211 2629 320 2662; x_wconf 82' lang='lat' dir='ltr'>v-595</span> <span class='ocrx_word' id='word_1_227' title='bbox 333 2616 403 2662; x_wconf 78' lang='lat' dir='ltr'>sqq·</span> <span class='ocrx_word' id='word_1_228' title='bbox 733 2662 740 2667; x_wconf 78' lang='grc'><em>,</em></span> 
     </span>
    </p>

    <p class='ocr_par' dir='ltr' id='par_1_12' title="bbox 256 2660 871 2707">
     <span class='ocr_line' id='line_1_47' title="bbox 256 2660 871 2707; baseline -0.005 -10"><span class='ocrx_word' id='word_1_229' title='bbox 256 2673 316 2706; x_wconf 82' lang='lat'>344</span> <span class='ocrx_word' id='word_1_230' title='bbox 340 2666 469 2697; x_wconf 76' lang='lat' dir='ltr'>Cratera</span> <span class='ocrx_word' id='word_1_231' title='bbox 492 2671 611 2707; x_wconf 77' lang='lat' dir='ltr'>parant</span> <span class='ocrx_word' id='word_1_232' title='bbox 637 2662 670 2696; x_wconf 89' lang='lat' dir='ltr'>h.</span> <span class='ocrx_word' id='word_1_233' title='bbox 681 2673 709 2695; x_wconf 88' lang='lat' dir='ltr'>e.</span> <span class='ocrx_word' id='word_1_234' title='bbox 731 2672 769 2694; x_wconf 86' lang='lat' dir='ltr'>m</span> <span class='ocrx_word' id='word_1_235' title='bbox 798 2660 871 2694; x_wconf 81' lang='lat' dir='ltr'>vase</span> 
     </span>
    </p>
   </div>
   <div class='ocr_carea' id='block_1_11' title="bbox 923 1985 1631 2122">
    <p class='ocr_par' dir='ltr' id='par_1_13' title="bbox 923 1985 1631 2122">
     <span class='ocr_line' id='line_1_48' title="bbox 924 1985 1583 2031; baseline 0.002 -12"><span class='ocrx_word' id='word_1_236' title='bbox 924 1985 1089 2030; x_wconf 82' lang='lat' dir='ltr'>ampliore</span> <span class='ocrx_word' id='word_1_237' title='bbox 1113 1985 1252 2019; x_wconf 83' lang='lat' dir='ltr'>miscent</span> <span class='ocrx_word' id='word_1_238' title='bbox 1272 1986 1393 2020; x_wconf 80' lang='lat' dir='ltr'>vinum</span> <span class='ocrx_word' id='word_1_239' title='bbox 1413 1997 1522 2031; x_wconf 79' lang='lat' dir='ltr'>aquae,</span> <span class='ocrx_word' id='word_1_240' title='bbox 1547 1986 1583 2020; x_wconf 82' lang='lat' dir='ltr'>in</span> 
     </span>
     <span class='ocr_line' id='line_1_49' title="bbox 923 2031 1580 2076; baseline 0.003 -13"><span class='ocrx_word' id='word_1_241' title='bbox 923 2042 992 2076; x_wconf 85' lang='lat' dir='ltr'>quo</span> <span class='ocrx_word' id='word_1_242' title='bbox 1029 2031 1142 2075; x_wconf 76' lang='lat' dir='ltr'>plures</span> <span class='ocrx_word' id='word_1_243' title='bbox 1163 2031 1260 2064; x_wconf 82' lang='lat' dir='ltr'>fimul</span> <span class='ocrx_word' id='word_1_244' title='bbox 1281 2031 1461 2075; x_wconf 80' lang='lat' dir='ltr'>serpentes,</span> <span class='ocrx_word' id='word_1_245' title='bbox 1491 2043 1580 2076; x_wconf 83' lang='lat' dir='ltr'>quos</span> 
     </span>
     <span class='ocr_line' id='line_1_50' title="bbox 925 2075 1631 2122; baseline 0.003 -14"><span class='ocrx_word' id='word_1_246' title='bbox 925 2088 987 2121; x_wconf 86' lang='lat' dir='ltr'>pro</span> <span class='ocrx_word' id='word_1_247' title='bbox 1004 2075 1157 2109; x_wconf 75' lang='lat' dir='ltr'>crinibus</span> <span class='ocrx_word' id='word_1_248' title='bbox 1170 2075 1306 2117; x_wconf 78' lang='lat' dir='ltr'>habent,</span> <span class='ocrx_word' id='word_1_249' title='bbox 1319 2077 1375 2122; x_wconf 81' lang='lat' dir='ltr'>(hi</span> <span class='ocrx_word' id='word_1_250' title='bbox 1389 2077 1466 2110; x_wconf 85' lang='lat' dir='ltr'>sunt</span> <span class='ocrx_word' id='word_1_251' title='bbox 1479 2077 1584 2110; x_wconf 80' lang='lat' dir='ltr'>etiam</span> <span class='ocrx_word' id='word_1_252' title='bbox 1625 2095 1631 2099; x_wconf 70' lang='lat'><em>-</em></span> 
     </span>
    </p>
   </div>
   <div class='ocr_carea' id='block_1_12' title="bbox 918 2120 1583 2166">
    <p class='ocr_par' dir='ltr' id='par_1_14' title="bbox 918 2120 1583 2166">
     <span class='ocr_line' id='line_1_51' title="bbox 918 2120 1583 2166; baseline 0.003 -13"><span class='ocrx_word' id='word_1_253' title='bbox 918 2123 999 2165; x_wconf 85' lang='lat' dir='ltr'>socii</span> <span class='ocrx_word' id='word_1_254' title='bbox 1025 2122 1170 2162; x_wconf 80' lang='lat' dir='ltr'>cerastae)</span> <span class='ocrx_word' id='word_1_255' title='bbox 1207 2133 1358 2165; x_wconf 80' lang='lat' dir='ltr'>mergere</span> <span class='ocrx_word' id='word_1_256' title='bbox 1395 2122 1507 2166; x_wconf 80' lang='lat' dir='ltr'>capita</span> <span class='ocrx_word' id='word_1_257' title='bbox 1529 2120 1583 2155; x_wconf 89' lang='lat' dir='ltr'>bi-</span> 
     </span>
    </p>
   </div>
   <div class='ocr_carea' id='block_1_13' title="bbox 925 2165 1584 2614">
    <p class='ocr_par' dir='ltr' id='par_1_15' title="bbox 925 2165 1584 2334">
     <span class='ocr_line' id='line_1_52' title="bbox 927 2165 1582 2211; baseline 0.002 -12"><span class='ocrx_word' id='word_1_258' title='bbox 927 2165 1031 2199; x_wconf 85' lang='lat' dir='ltr'>bendi</span> <span class='ocrx_word' id='word_1_259' title='bbox 1058 2166 1168 2210; x_wconf 80' lang='lat' dir='ltr'>gratia</span> <span class='ocrx_word' id='word_1_260' title='bbox 1191 2167 1323 2210; x_wconf 75' lang='lat' dir='ltr'>possint.</span> <span class='ocrx_word' id='word_1_261' title='bbox 1347 2166 1427 2199; x_wconf 89' lang='lat' dir='ltr'>Vid.</span> <span class='ocrx_word' id='word_1_262' title='bbox 1449 2177 1500 2207; x_wconf 84' lang='lat'>10,</span> <span class='ocrx_word' id='word_1_263' title='bbox 1515 2177 1582 2211; x_wconf 84' lang='lat'>¹97-</span> 
     </span>
     <span class='ocr_line' id='line_1_53' title="bbox 925 2209 1584 2256; baseline 0.002 -12"><span class='ocrx_word' id='word_1_264' title='bbox 925 2210 981 2244; x_wconf 82' lang='lat' dir='ltr'>Ab</span> <span class='ocrx_word' id='word_1_265' title='bbox 1008 2210 1072 2244; x_wconf 85' lang='lat' dir='ltr'>hoe</span> <span class='ocrx_word' id='word_1_266' title='bbox 1097 2211 1180 2244; x_wconf 89' lang='lat' dir='ltr'>vino</span> <span class='ocrx_word' id='word_1_267' title='bbox 1209 2223 1277 2245; x_wconf 86' lang='lat' dir='ltr'>non</span> <span class='ocrx_word' id='word_1_268' title='bbox 1302 2209 1483 2256; x_wconf 82' lang='lat' dir='ltr'>lugubrem</span> <span class='ocrx_word' id='word_1_269' title='bbox 1509 2210 1584 2245; x_wconf 89' lang='lat' dir='ltr'>stri-</span> 
     </span>
     <span class='ocr_line' id='line_1_54' title="bbox 925 2255 1583 2298; baseline 0.005 -10"><span class='ocrx_word' id='word_1_270' title='bbox 925 2255 1044 2289; x_wconf 79' lang='lat' dir='ltr'>dorem</span> <span class='ocrx_word' id='word_1_271' title='bbox 1073 2255 1200 2298; x_wconf 81' lang='lat' dir='ltr'>edunt,</span> <span class='ocrx_word' id='word_1_272' title='bbox 1231 2255 1285 2289; x_wconf 85' lang='lat' dir='ltr'>sed</span> <span class='ocrx_word' id='word_1_273' title='bbox 1312 2257 1380 2290; x_wconf 86' lang='lat' dir='ltr'>leni</span> <span class='ocrx_word' id='word_1_274' title='bbox 1409 2255 1504 2290; x_wconf 83' lang='lat' dir='ltr'>sibilo</span> <span class='ocrx_word' id='word_1_275' title='bbox 1526 2267 1583 2291; x_wconf 84' lang='lat' dir='ltr'>ca-</span> 
     </span>
     <span class='ocr_line' id='line_1_55' title="bbox 927 2310 1025 2334; baseline 0 0"><span class='ocrx_word' id='word_1_276' title='bbox 927 2310 1025 2334; x_wconf 83' lang='lat' dir='ltr'>nunt.</span> 
     </span>
    </p>

    <p class='ocr_par' dir='ltr' id='par_1_16' title="bbox 925 2346 1583 2480">
     <span class='ocr_line' id='line_1_56' title="bbox 969 2346 1583 2388; baseline 0.005 -10"><span class='ocrx_word' id='word_1_277' title='bbox 969 2356 1026 2388; x_wconf 83' lang='lat'>347</span> <span class='ocrx_word' id='word_1_278' title='bbox 1049 2346 1149 2387; x_wconf 70' lang='lat' dir='ltr'>Festus</span> <span class='ocrx_word' id='word_1_279' title='bbox 1172 2347 1269 2380; x_wconf 64' lang='lat' dir='ltr'>taedas</span> <span class='ocrx_word' id='word_1_280' title='bbox 1291 2357 1359 2380; x_wconf 86' lang='lat' dir='ltr'>non</span> <span class='ocrx_word' id='word_1_281' title='bbox 1381 2347 1456 2380; x_wconf 81' lang='lat' dir='ltr'>illas</span> <span class='ocrx_word' id='word_1_282' title='bbox 1484 2348 1583 2381; x_wconf 86' lang='lat' dir='ltr'>terri-</span> 
     </span>
     <span class='ocr_line' id='line_1_57' title="bbox 925 2389 1583 2435; baseline 0.006 -12"><span class='ocrx_word' id='word_1_283' title='bbox 925 2389 1010 2424; x_wconf 85' lang='lat' dir='ltr'>biles</span> <span class='ocrx_word' id='word_1_284' title='bbox 1048 2390 1089 2423; x_wconf 89' lang='lat' dir='ltr'>de</span> <span class='ocrx_word' id='word_1_285' title='bbox 1137 2390 1382 2433; x_wconf 70' lang='lat' dir='ltr'>Phlegethonte</span> <span class='ocrx_word' id='word_1_286' title='bbox 1418 2392 1583 2435; x_wconf 80' lang='lat' dir='ltr'>accensas,</span> 
     </span>
     <span class='ocr_line' id='line_1_58' title="bbox 926 2434 1350 2480; baseline 0.005 -12"><span class='ocrx_word' id='word_1_287' title='bbox 926 2434 1055 2480; x_wconf 84' lang='lat' dir='ltr'>quibus</span> <span class='ocrx_word' id='word_1_288' title='bbox 1074 2445 1202 2469; x_wconf 83' lang='lat' dir='ltr'>terrent</span> <span class='ocrx_word' id='word_1_289' title='bbox 1216 2437 1259 2469; x_wconf 89' lang='lat' dir='ltr'>im</span> <span class='ocrx_word' id='word_1_290' title='bbox 1267 2438 1350 2471; x_wconf 72' lang='lat' dir='ltr'>Dios.</span> 
     </span>
    </p>

    <p class='ocr_par' dir='ltr' id='par_1_17' title="bbox 925 2477 1583 2614">
     <span class='ocr_line' id='line_1_59' title="bbox 970 2477 1583 2527; baseline 0.003 -14"><span class='ocrx_word' id='word_1_291' title='bbox 970 2491 1031 2525; x_wconf 78' lang='lat'>349</span> <span class='ocrx_word' id='word_1_292' title='bbox 1055 2481 1193 2515; x_wconf 74' lang='lat' dir='ltr'>Aliudit</span> <span class='ocrx_word' id='word_1_293' title='bbox 1218 2477 1418 2527; x_wconf 66' lang='lat' dir='ltr'>ad&#39;etymon</span> <span class='ocrx_word' id='word_1_294' title='bbox 1447 2485 1583 2525; x_wconf 79' lang='lat' dir='ltr'>Averni,</span> 
     </span>
     <span class='ocr_line' id='line_1_60' title="bbox 926 2523 1581 2573; baseline 0.006 -15"><span class='ocrx_word' id='word_1_295' title='bbox 926 2523 1039 2568; x_wconf 71' lang='grc' dir='ltr'>ὀῖοςηιος</span> <span class='ocrx_word' id='word_1_296' title='bbox 1061 2529 1161 2573; x_wconf 60' lang='lat' dir='ltr'>‚Qtem</span> <span class='ocrx_word' id='word_1_297' title='bbox 1173 2530 1270 2572; x_wconf 83' lang='lat' dir='ltr'>super</span> <span class='ocrx_word' id='word_1_298' title='bbox 1290 2529 1375 2560; x_wconf 73' lang='lat' dir='ltr'>haud</span> <span class='ocrx_word' id='word_1_299' title='bbox 1394 2529 1466 2560; x_wconf 81' lang='lat' dir='ltr'>ullae</span> <span class='ocrx_word' id='word_1_300' title='bbox 1491 2538 1581 2573; x_wconf 75' lang='lat' dir='ltr'>pote-</span> 
     </span>
     <span class='ocr_line' id='line_1_61' title="bbox 925 2572 1581 2614; baseline 0.003 -9"><span class='ocrx_word' id='word_1_301' title='bbox 925 2580 1000 2605; x_wconf 85' lang='lat' dir='ltr'>rant</span> <span class='ocrx_word' id='word_1_302' title='bbox 1025 2572 1149 2614; x_wconf 83' lang='lat' dir='ltr'>impune</span> <span class='ocrx_word' id='word_1_303' title='bbox 1179 2575 1323 2606; x_wconf 69' lang='lat' dir='ltr'>valamer</span> <span class='ocrx_word' id='word_1_304' title='bbox 1341 2575 1478 2606; x_wconf 74' lang='lat' dir='ltr'>Tendere</span> <span class='ocrx_word' id='word_1_305' title='bbox 1518 2575 1581 2608; x_wconf 77' lang='lat' dir='ltr'>iter</span> 
     </span>
    </p>
   </div>
   <div class='ocr_carea' id='block_1_14' title="bbox 924 2617 1581 2663">
    <p class='ocr_par' dir='ltr' id='par_1_18' title="bbox 924 2617 1581 2663">
     <span class='ocr_line' id='line_1_62' title="bbox 924 2617 1581 2663; baseline 0.003 -14"><span class='ocrx_word' id='word_1_306' title='bbox 924 2618 1040 2661; x_wconf 66' lang='lat' dir='ltr'>pennis</span> <span class='ocrx_word' id='word_1_307' title='bbox 1078 2617 1143 2649; x_wconf 74' lang='grc' dir='ltr'>ἃς.</span> <span class='ocrx_word' id='word_1_308' title='bbox 1197 2620 1290 2663; x_wconf 66' lang='lat' dir='ltr'>Virg.</span> <span class='ocrx_word' id='word_1_309' title='bbox 1327 2621 1411 2650; x_wconf 80' lang='lat' dir='ltr'>Aen.</span> <span class='ocrx_word' id='word_1_310' title='bbox 1445 2620 1479 2660; x_wconf 81' lang='lat'>6,</span> <span class='ocrx_word' id='word_1_311' title='bbox 1512 2628 1581 2661; x_wconf 78' lang='lat'>239.</span> 
     </span>
    </p>
   </div>
   <div class='ocr_carea' id='block_1_15' title="bbox 928 2662 1594 2742">
    <p class='ocr_par' dir='ltr' id='par_1_19' title="bbox 928 2662 1594 2742">
     <span class='ocr_line' id='line_1_63' title="bbox 928 2662 1582 2742; baseline 0.003 -48"><span class='ocrx_word' id='word_1_312' title='bbox 928 2662 1070 2695; x_wconf 85' lang='lat' dir='ltr'>Monuit</span> <span class='ocrx_word' id='word_1_313' title='bbox 1101 2662 1258 2698; x_wconf 81' lang='lat' dir='ltr'>Heinsius</span> <span class='ocrx_word' id='word_1_314' title='bbox 1296 2674 1336 2696; x_wconf 88' lang='lat' dir='ltr'>ex</span> <span class='ocrx_word' id='word_1_315' title='bbox 1367 2664 1507 2714; x_wconf 38' lang='lat' dir='ltr'>Aristo&#39;t.</span> <span class='ocrx_word' id='word_1_316' title='bbox 1533 2665 1582 2742; x_wconf 55' lang='lat' dir='ltr'>gel</span> 
     </span>
     <span class='ocr_line' id='line_1_64' title="bbox 1444 2720 1594 2742; baseline 0.013 -2"><span class='ocrx_word' id='word_1_317' title='bbox 1444 2720 1528 2742; x_wconf 58' lang='lat' dir='ltr'>nur-³</span> <span class='ocrx_word' id='word_1_318' title='bbox 1556 2721 1565 2741; x_wconf 66' lang='lat'>⁴1</span> <span class='ocrx_word' id='word_1_319' title='bbox 1587 2734 1594 2742; x_wconf 83' lang='lat'>.</span> 
     </span>
    </p>
   </div>
  </div>
 </body>
</html>
