<?xml version="1.0" encoding="UTF-8"?>
<!DOCTYPE html PUBLIC "-//W3C//DTD XHTML 1.0 Transitional//EN"
    "http://www.w3.org/TR/xhtml1/DTD/xhtml1-transitional.dtd">
<html xmlns="http://www.w3.org/1999/xhtml" xml:lang="en" lang="en">
 <head>
  <title>
</title>
<meta http-equiv="Content-Type" content="text/html;charset=utf-8" />
  <meta name='ocr-system' content='tesseract 3.04.00' />
  <meta name='ocr-capabilities' content='ocr_page ocr_carea ocr_par ocr_line ocrx_word'/>
</head>
<body>
  <div class='ocr_page' id='page_1' title='image "./quaeexstantvarie02clauuoft_0130.png"; bbox 0 0 1696 2942; ppageno 0'>
   <div class='ocr_carea' id='block_1_1' title="bbox 276 127 349 165">
    <p class='ocr_par' dir='ltr' id='par_1_1' title="bbox 276 127 349 165">
     <span class='ocr_line' id='line_1_1' title="bbox 276 127 349 165; baseline 0 0"><span class='ocrx_word' id='word_1_1' title='bbox 276 127 349 165; x_wconf 77' lang='lat'><strong>524</strong></span> 
     </span>
    </p>
   </div>
   <div class='ocr_carea' id='block_1_2' title="bbox 514 113 1267 160">
    <p class='ocr_par' dir='ltr' id='par_1_2' title="bbox 514 113 1267 160">
     <span class='ocr_line' id='line_1_2' title="bbox 514 113 1267 160; baseline 0.005 -4"><span class='ocrx_word' id='word_1_2' title='bbox 514 113 601 157; x_wconf 90' lang='lat' dir='ltr'><strong>CL.</strong></span> <span class='ocrx_word' id='word_1_3' title='bbox 646 114 1028 158; x_wconf 89' lang='lat' dir='ltr'>CLAUDIANI</span> <span class='ocrx_word' id='word_1_4' title='bbox 1083 116 1267 160; x_wconf 83' lang='lat' dir='ltr'>XXXIII</span> 
     </span>
    </p>
   </div>
   <div class='ocr_carea' id='block_1_3' title="bbox 328 210 1411 340">
    <p class='ocr_par' dir='ltr' id='par_1_3' title="bbox 328 210 1411 340">
     <span class='ocr_line' id='line_1_3' title="bbox 328 210 1282 267; baseline 0.002 -14"><span class='ocrx_word' id='word_1_5' title='bbox 328 210 495 253; x_wconf 76' lang='lat' dir='ltr'><strong>Cefl&#39;erit</strong></span> <span class='ocrx_word' id='word_1_6' title='bbox 522 213 702 253; x_wconf 80' lang='lat' dir='ltr'><strong>inventis</strong></span> <span class='ocrx_word' id='word_1_7' title='bbox 735 212 922 252; x_wconf 88' lang='lat' dir='ltr'>Dodonia</span> <span class='ocrx_word' id='word_1_8' title='bbox 942 226 1117 267; x_wconf 88' lang='lat' dir='ltr'><strong>quercus</strong></span> <span class='ocrx_word' id='word_1_9' title='bbox 1140 214 1282 256; x_wconf 85' lang='lat' dir='ltr'><strong>aristis.</strong></span> 
     </span>
     <span class='ocr_line' id='line_1_4' title="bbox 393 286 1411 340; baseline 0.002 -12"><span class='ocrx_word' id='word_1_10' title='bbox 393 287 491 328; x_wconf 78' lang='lat' dir='ltr'><strong>Dux</strong></span> <span class='ocrx_word' id='word_1_11' title='bbox 510 286 633 332; x_wconf 84' lang='lat' dir='ltr'>Erebi</span> <span class='ocrx_word' id='word_1_12' title='bbox 665 286 867 340; x_wconf 88' lang='lat' dir='ltr'><strong>quondam</strong></span> <span class='ocrx_word' id='word_1_13' title='bbox 899 288 1074 328; x_wconf 86' lang='lat' dir='ltr'><strong>tumidas</strong></span> <span class='ocrx_word' id='word_1_14' title='bbox 1095 288 1241 330; x_wconf 74' lang='lat' dir='ltr'><strong>exarfit</strong></span> <span class='ocrx_word' id='word_1_15' title='bbox 1271 291 1313 330; x_wconf 84' lang='lat' dir='ltr'><strong>in</strong></span> <span class='ocrx_word' id='word_1_16' title='bbox 1332 289 1411 330; x_wconf 82' lang='lat' dir='ltr'><strong>iras</strong></span> 
     </span>
    </p>
   </div>
   <div class='ocr_carea' id='block_1_4' title="bbox 325 358 1370 487">
    <p class='ocr_par' dir='ltr' id='par_1_4' title="bbox 325 358 1370 487">
     <span class='ocr_line' id='line_1_5' title="bbox 325 358 1309 418; baseline 0.003 -16"><span class='ocrx_word' id='word_1_17' title='bbox 325 360 470 403; x_wconf 84' lang='lat' dir='ltr'><strong>Praelia</strong></span> <span class='ocrx_word' id='word_1_18' title='bbox 490 370 677 401; x_wconf 84' lang='lat' dir='ltr'><strong>moturus</strong></span> <span class='ocrx_word' id='word_1_19' title='bbox 696 358 887 414; x_wconf 84' lang='lat' dir='ltr'><strong>Superis,</strong></span> <span class='ocrx_word' id='word_1_20' title='bbox 917 363 1024 415; x_wconf 91' lang='lat' dir='ltr'><strong>quod</strong></span> <span class='ocrx_word' id='word_1_21' title='bbox 1043 362 1148 403; x_wconf 86' lang='lat' dir='ltr'><strong>solus</strong></span> <span class='ocrx_word' id='word_1_22' title='bbox 1168 372 1309 418; x_wconf 81' lang='lat' dir='ltr'><strong>egeret</strong></span> 
     </span>
     <span class='ocr_line' id='line_1_6' title="bbox 330 433 1370 487; baseline 0.003 -12"><span class='ocrx_word' id='word_1_23' title='bbox 330 433 557 480; x_wconf 88' lang='lat' dir='ltr'><strong>Connubii‚</strong></span> <span class='ocrx_word' id='word_1_24' title='bbox 598 433 828 487; x_wconf 83' lang='lat' dir='ltr'><strong>sterilesque</strong></span> <span class='ocrx_word' id='word_1_25' title='bbox 861 434 931 474; x_wconf 84' lang='lat' dir='ltr'><strong>diu</strong></span> <span class='ocrx_word' id='word_1_26' title='bbox 953 435 1208 477; x_wconf 83' lang='lat' dir='ltr'><strong>consumeret</strong></span> <span class='ocrx_word' id='word_1_27' title='bbox 1228 450 1370 485; x_wconf 86' lang='lat' dir='ltr'><strong>annos,</strong></span> 
     </span>
    </p>
   </div>
   <div class='ocr_carea' id='block_1_5' title="bbox 214 508 1478 858">
    <p class='ocr_par' dir='ltr' id='par_1_5' title="bbox 214 508 1478 858">
     <span class='ocr_line' id='line_1_7' title="bbox 214 508 1314 564; baseline 0.003 -16"><span class='ocrx_word' id='word_1_28' title='bbox 214 520 257 558; x_wconf 75' lang='lat'><strong>35</strong></span> <span class='ocrx_word' id='word_1_29' title='bbox 326 509 548 563; x_wconf 74' lang='lat' dir='ltr'><strong>Impatiens</strong></span> <span class='ocrx_word' id='word_1_30' title='bbox 577 508 730 548; x_wconf 78' lang='lat' dir='ltr'><strong>nescire</strong></span> <span class='ocrx_word' id='word_1_31' title='bbox 754 516 887 548; x_wconf 83' lang='lat' dir='ltr'><strong>torum</strong></span> <span class='ocrx_word' id='word_1_32' title='bbox 903 538 912 555; x_wconf 94' lang='lat'>‚</span> <span class='ocrx_word' id='word_1_33' title='bbox 943 509 1151 564; x_wconf 84' lang='lat' dir='ltr'><strong>nullasque</strong></span> <span class='ocrx_word' id='word_1_34' title='bbox 1173 513 1314 552; x_wconf 79' lang='lat' dir='ltr'><strong>mariti.</strong></span> 
     </span>
     <span class='ocr_line' id='line_1_8' title="bbox 322 583 1414 637; baseline 0.002 -14"><span class='ocrx_word' id='word_1_35' title='bbox 322 583 562 629; x_wconf 85' lang='lat' dir='ltr'><strong>Illecebras,</strong></span> <span class='ocrx_word' id='word_1_36' title='bbox 592 596 668 623; x_wconf 89' lang='lat' dir='ltr'><strong>nec</strong></span> <span class='ocrx_word' id='word_1_37' title='bbox 688 583 808 624; x_wconf 84' lang='lat' dir='ltr'><strong>dulce</strong></span> <span class='ocrx_word' id='word_1_38' title='bbox 836 583 961 637; x_wconf 84' lang='lat' dir='ltr'><strong>patris</strong></span> <span class='ocrx_word' id='word_1_39' title='bbox 983 583 1230 636; x_wconf 69' lang='lat' dir='ltr'><strong>cognoscere</strong></span> <span class='ocrx_word' id='word_1_40' title='bbox 1251 598 1414 626; x_wconf 87' lang='lat' dir='ltr'><strong>nomen.</strong></span> 
     </span>
     <span class='ocr_line' id='line_1_9' title="bbox 323 654 1412 710; baseline 0.004 -17"><span class='ocrx_word' id='word_1_41' title='bbox 323 654 413 701; x_wconf 85' lang='lat' dir='ltr'><strong>Jam</strong></span> <span class='ocrx_word' id='word_1_42' title='bbox 439 668 708 710; x_wconf 85' lang='lat' dir='ltr'><strong>quaecumque</strong></span> <span class='ocrx_word' id='word_1_43' title='bbox 727 656 856 696; x_wconf 81' lang='lat' dir='ltr'><strong>latent</strong></span> <span class='ocrx_word' id='word_1_44' title='bbox 879 654 997 696; x_wconf 86' lang='lat' dir='ltr'><strong>ferali</strong></span> <span class='ocrx_word' id='word_1_45' title='bbox 1027 655 1200 696; x_wconf 82' lang='lat' dir='ltr'><strong>monstra</strong></span> <span class='ocrx_word' id='word_1_46' title='bbox 1223 656 1412 697; x_wconf 70' lang='lat' dir='ltr'><strong>barathro</strong></span> 
     </span>
     <span class='ocr_line' id='line_1_10' title="bbox 325 727 1478 784; baseline 0.001 -15"><span class='ocrx_word' id='word_1_47' title='bbox 325 727 374 769; x_wconf 91' lang='lat' dir='ltr'><strong>In</strong></span> <span class='ocrx_word' id='word_1_48' title='bbox 398 736 549 768; x_wconf 85' lang='lat' dir='ltr'><strong>turmas</strong></span> <span class='ocrx_word' id='word_1_49' title='bbox 580 731 789 784; x_wconf 79' lang='lat' dir='ltr'><strong>aciemque</strong></span> <span class='ocrx_word' id='word_1_50' title='bbox 818 738 964 776; x_wconf 83' lang='lat' dir='ltr'><strong>ruunt,</strong></span> <span class='ocrx_word' id='word_1_51' title='bbox 1004 737 1226 784; x_wconf 76' lang='lat' dir='ltr'><strong>contraque</strong></span> <span class='ocrx_word' id='word_1_52' title='bbox 1249 728 1478 771; x_wconf 80' lang='lat' dir='ltr'><strong>Tonantem</strong></span> 
     </span>
     <span class='ocr_line' id='line_1_11' title="bbox 322 800 1348 858; baseline 0.001 -17"><span class='ocrx_word' id='word_1_53' title='bbox 322 800 546 854; x_wconf 82' lang='lat' dir='ltr'><strong>conjurant</strong></span> <span class='ocrx_word' id='word_1_54' title='bbox 566 803 598 843; x_wconf 83' lang='lat' dir='ltr'><strong>F</strong></span> <span class='ocrx_word' id='word_1_55' title='bbox 602 804 725 843; x_wconf 87' lang='lat' dir='ltr'><strong>uriae:</strong></span> <span class='ocrx_word' id='word_1_56' title='bbox 756 803 982 856; x_wconf 81' lang='lat' dir='ltr'><strong>crinitaque</strong></span> <span class='ocrx_word' id='word_1_57' title='bbox 1004 802 1183 843; x_wconf 82' lang='lat' dir='ltr'><strong>sontibus</strong></span> <span class='ocrx_word' id='word_1_58' title='bbox 1209 803 1348 858; x_wconf 78' lang='lat' dir='ltr'><strong>hydris</strong></span> 
     </span>
    </p>
   </div>
   <div class='ocr_carea' id='block_1_6' title="bbox 211 888 263 924">
    <p class='ocr_par' dir='ltr' id='par_1_6' title="bbox 211 888 263 924">
     <span class='ocr_line' id='line_1_12' title="bbox 211 888 263 924; baseline 0 -11"><span class='ocrx_word' id='word_1_59' title='bbox 211 888 263 924; x_wconf 81' lang='lat'><strong>40</strong></span> 
     </span>
    </p>
   </div>
   <div class='ocr_carea' id='block_1_7' title="bbox 330 873 1352 931">
    <p class='ocr_par' dir='ltr' id='par_1_7' title="bbox 330 873 1352 931">
     <span class='ocr_line' id='line_1_13' title="bbox 330 873 1352 931; baseline 0.001 -16"><span class='ocrx_word' id='word_1_60' title='bbox 330 873 573 929; x_wconf 86' lang='lat' dir='ltr'><strong>Tifiphone,</strong></span> <span class='ocrx_word' id='word_1_61' title='bbox 604 877 788 931; x_wconf 84' lang='lat' dir='ltr'><strong>quatiens</strong></span> <span class='ocrx_word' id='word_1_62' title='bbox 817 875 986 916; x_wconf 82' lang='lat' dir='ltr'><strong>infausto</strong></span> <span class='ocrx_word' id='word_1_63' title='bbox 1009 875 1162 916; x_wconf 85' lang='lat' dir='ltr'><strong>lumine</strong></span> <span class='ocrx_word' id='word_1_64' title='bbox 1196 877 1352 929; x_wconf 65' lang='lat' dir='ltr'><strong>pinum,</strong></span> 
     </span>
    </p>
   </div>
   <div class='ocr_carea' id='block_1_8' title="bbox 320 948 1248 1004">
    <p class='ocr_par' dir='ltr' id='par_1_8' title="bbox 320 948 1248 1004">
     <span class='ocr_line' id='line_1_14' title="bbox 320 948 1248 1004; baseline -0.002 -13"><span class='ocrx_word' id='word_1_65' title='bbox 320 948 511 991; x_wconf 84' lang='lat' dir='ltr'><strong>Armatos</strong></span> <span class='ocrx_word' id='word_1_66' title='bbox 531 951 579 990; x_wconf 91' lang='lat' dir='ltr'><strong>ad</strong></span> <span class='ocrx_word' id='word_1_67' title='bbox 599 949 722 990; x_wconf 82' lang='lat' dir='ltr'><strong>castra</strong></span> <span class='ocrx_word' id='word_1_68' title='bbox 740 957 858 990; x_wconf 84' lang='lat' dir='ltr'><strong>vocat</strong></span> <span class='ocrx_word' id='word_1_69' title='bbox 879 949 1072 1004; x_wconf 83' lang='lat' dir='ltr'><strong>pallentia</strong></span> <span class='ocrx_word' id='word_1_70' title='bbox 1097 950 1248 989; x_wconf 81' lang='lat' dir='ltr'><strong>Manes.</strong></span> 
     </span>
    </p>
   </div>
   <div class='ocr_carea' id='block_1_9' title="bbox 277 1126 810 1232">
    <p class='ocr_par' dir='ltr' id='par_1_9' title="bbox 277 1126 810 1232">
     <span class='ocr_line' id='line_1_15' title="bbox 277 1126 579 1170; baseline 0 -11"><span class='ocrx_word' id='word_1_71' title='bbox 277 1135 314 1170; x_wconf 79' lang='lat'><strong>3²</strong></span> <span class='ocrx_word' id='word_1_72' title='bbox 345 1126 455 1159; x_wconf 86' lang='lat' dir='ltr'><strong>exivit</strong></span> <span class='ocrx_word' id='word_1_73' title='bbox 480 1127 579 1160; x_wconf 79' lang='lat' dir='ltr'><em>MSS.</em></span> 
     </span>
     <span class='ocr_line' id='line_1_16' title="bbox 327 1186 810 1232; baseline 0 -11"><span class='ocrx_word' id='word_1_74' title='bbox 327 1196 364 1229; x_wconf 81' lang='lat'><strong>35</strong></span> <span class='ocrx_word' id='word_1_75' title='bbox 388 1186 567 1232; x_wconf 87' lang='lat' dir='ltr'><strong>nudasque</strong></span> <span class='ocrx_word' id='word_1_76' title='bbox 592 1187 720 1221; x_wconf 75' lang='lat' dir='ltr'><strong>maritae</strong></span> <span class='ocrx_word' id='word_1_77' title='bbox 735 1189 810 1221; x_wconf 75' lang='lat' dir='ltr'><strong>MS.</strong></span> 
     </span>
    </p>
   </div>
   <div class='ocr_carea' id='block_1_10' title="bbox 668 1125 1443 1230">
    <p class='ocr_par' dir='ltr' id='par_1_10' title="bbox 668 1125 1443 1230">
     <span class='ocr_line' id='line_1_17' title="bbox 668 1125 1052 1168; baseline 0.003 -9"><span class='ocrx_word' id='word_1_78' title='bbox 668 1135 702 1168; x_wconf 87' lang='lat'><strong>33</strong></span> <span class='ocrx_word' id='word_1_79' title='bbox 737 1125 816 1160; x_wconf 67' lang='lat' dir='ltr'><strong>solu*</strong></span> <span class='ocrx_word' id='word_1_80' title='bbox 837 1133 965 1159; x_wconf 86' lang='lat' dir='ltr'><strong>careret</strong></span> <span class='ocrx_word' id='word_1_81' title='bbox 982 1125 1052 1167; x_wconf 81' lang='lat' dir='ltr'><strong>an.</strong></span> 
     </span>
     <span class='ocr_line' id='line_1_18' title="bbox 900 1184 1443 1230; baseline -0.004 -9"><span class='ocrx_word' id='word_1_82' title='bbox 900 1197 945 1228; x_wconf 74' lang='lat'><strong>40</strong></span> <span class='ocrx_word' id='word_1_83' title='bbox 971 1184 1090 1220; x_wconf 87' lang='lat' dir='ltr'><strong>infesto</strong></span> <span class='ocrx_word' id='word_1_84' title='bbox 1109 1189 1178 1230; x_wconf 83' lang='lat' dir='ltr'><em>Bas.</em></span> <span class='ocrx_word' id='word_1_85' title='bbox 1202 1189 1311 1220; x_wconf 75' lang='lat' dir='ltr'><strong>Plant.</strong></span> <span class='ocrx_word' id='word_1_86' title='bbox 1333 1187 1443 1220; x_wconf 69' lang='lat' dir='ltr'><strong>Barth.</strong></span> 
     </span>
    </p>
   </div>
   <div class='ocr_carea' id='block_1_11' title="bbox 1470 1020 1578 1062">
    <p class='ocr_par' dir='ltr' id='par_1_11' title="bbox 1470 1020 1578 1062">
     <span class='ocr_line' id='line_1_19' title="bbox 1470 1020 1578 1062; baseline -0.009 -1"><span class='ocrx_word' id='word_1_87' title='bbox 1470 1020 1578 1062; x_wconf 83' lang='lat' dir='ltr'><strong>Pene</strong></span> 
     </span>
    </p>
   </div>
   <div class='ocr_carea' id='block_1_12' title="bbox 1152 1123 1505 1169">
    <p class='ocr_par' dir='ltr' id='par_1_12' title="bbox 1152 1123 1505 1169">
     <span class='ocr_line' id='line_1_20' title="bbox 1152 1123 1505 1169; baseline -0.008 -9"><span class='ocrx_word' id='word_1_88' title='bbox 1152 1136 1191 1167; x_wconf 80' lang='lat'><strong>54</strong></span> <span class='ocrx_word' id='word_1_89' title='bbox 1213 1123 1394 1159; x_wconf 79' lang='lat' dir='ltr'><strong>connubiis</strong></span> <span class='ocrx_word' id='word_1_90' title='bbox 1416 1126 1505 1169; x_wconf 69' lang='lat' dir='ltr'><strong>wag.</strong></span> 
     </span>
    </p>
   </div>
   <div class='ocr_carea' id='block_1_13' title="bbox 701 1246 1055 1285">
    <p class='ocr_par' dir='ltr' id='par_1_13' title="bbox 701 1246 1055 1285">
     <span class='ocr_line' id='line_1_21' title="bbox 701 1246 1055 1285; baseline -0.008 -2"><span class='ocrx_word' id='word_1_91' title='bbox 701 1246 848 1283; x_wconf 79' lang='lat' dir='ltr'><strong>infausto</strong></span> <span class='ocrx_word' id='word_1_92' title='bbox 873 1249 944 1282; x_wconf 87' lang='lat' dir='ltr'><strong>Vic.</strong></span> <span class='ocrx_word' id='word_1_93' title='bbox 961 1248 1055 1285; x_wconf 71' lang='lat' dir='ltr'><strong>Vien,</strong></span> 
     </span>
    </p>
   </div>
   <div class='ocr_carea' id='block_1_14' title="bbox 199 1372 868 2725">
    <p class='ocr_par' dir='ltr' id='par_1_14' title="bbox 203 1372 868 2097">
     <span class='ocr_line' id='line_1_22' title="bbox 210 1372 867 1418; baseline 0.002 -11"><span class='ocrx_word' id='word_1_94' title='bbox 210 1373 305 1408; x_wconf 85' lang='lat' dir='ltr'><strong>illius</strong></span> <span class='ocrx_word' id='word_1_95' title='bbox 327 1374 478 1407; x_wconf 78' lang='lat' dir='ltr'><strong>muneris</strong></span> <span class='ocrx_word' id='word_1_96' title='bbox 498 1372 544 1408; x_wconf 83' lang='lat' dir='ltr'><strong>sui</strong></span> <span class='ocrx_word' id='word_1_97' title='bbox 559 1401 567 1414; x_wconf 92' lang='lat'>,</span> <span class='ocrx_word' id='word_1_98' title='bbox 590 1372 744 1418; x_wconf 79' lang='lat' dir='ltr'><strong>frugum,</strong></span> <span class='ocrx_word' id='word_1_99' title='bbox 776 1374 867 1418; x_wconf 84' lang='lat' dir='ltr'><strong>leges</strong></span> 
     </span>
     <span class='ocr_line' id='line_1_23' title="bbox 208 1419 868 1462; baseline -0.002 -10"><span class='ocrx_word' id='word_1_100' title='bbox 208 1420 310 1452; x_wconf 76' lang='lat' dir='ltr'><strong>etiam</strong></span> <span class='ocrx_word' id='word_1_101' title='bbox 326 1419 431 1452; x_wconf 79' lang='lat' dir='ltr'><strong>datae:</strong></span> <span class='ocrx_word' id='word_1_102' title='bbox 455 1419 545 1452; x_wconf 86' lang='lat' dir='ltr'><strong>unde</strong></span> <span class='ocrx_word' id='word_1_103' title='bbox 565 1421 782 1462; x_wconf 59' lang='grc' dir='ltr'><strong>θεσμῡφόςος,</strong></span> <span class='ocrx_word' id='word_1_104' title='bbox 809 1422 868 1453; x_wconf 85' lang='lat' dir='ltr'><strong>Le-</strong></span> 
     </span>
     <span class='ocr_line' id='line_1_24' title="bbox 209 1464 867 1509; baseline -0.002 -12"><span class='ocrx_word' id='word_1_105' title='bbox 209 1464 317 1509; x_wconf 82' lang='lat' dir='ltr'><strong>gifera</strong></span> <span class='ocrx_word' id='word_1_106' title='bbox 338 1473 501 1504; x_wconf 84' lang='lat' dir='ltr'><strong>vocatur,</strong></span> <span class='ocrx_word' id='word_1_107' title='bbox 527 1465 561 1499; x_wconf 86' lang='lat'>&amp;</span> <span class='ocrx_word' id='word_1_108' title='bbox 583 1464 713 1498; x_wconf 80' lang='lat' dir='ltr'><strong>sacrum</strong></span> <span class='ocrx_word' id='word_1_109' title='bbox 733 1464 784 1498; x_wconf 89' lang='lat' dir='ltr'><strong>illi</strong></span> <span class='ocrx_word' id='word_1_110' title='bbox 807 1475 867 1498; x_wconf 83' lang='lat' dir='ltr'><strong>an-</strong></span> 
     </span>
     <span class='ocr_line' id='line_1_25' title="bbox 208 1507 866 1550; baseline 0 -8"><span class='ocrx_word' id='word_1_111' title='bbox 208 1521 317 1543; x_wconf 87' lang='lat' dir='ltr'><strong>nuum</strong></span> <span class='ocrx_word' id='word_1_112' title='bbox 356 1508 420 1542; x_wconf 92' lang='lat' dir='ltr'><strong>hoc</strong></span> <span class='ocrx_word' id='word_1_113' title='bbox 463 1510 602 1542; x_wconf 87' lang='lat' dir='ltr'><strong>nomine</strong></span> <span class='ocrx_word' id='word_1_114' title='bbox 629 1507 866 1550; x_wconf 84' lang='lat' dir='ltr'><strong>constitutum,</strong></span> 
     </span>
     <span class='ocr_line' id='line_1_26' title="bbox 207 1554 866 1598; baseline -0.002 -10"><span class='ocrx_word' id='word_1_115' title='bbox 207 1555 425 1596; x_wconf 52' lang='grc' dir='ltr'><strong>θεσμοφόρια.</strong></span> <span class='ocrx_word' id='word_1_116' title='bbox 470 1555 604 1598; x_wconf 82' lang='lat' dir='ltr'><strong>Nempe</strong></span> <span class='ocrx_word' id='word_1_117' title='bbox 626 1565 703 1588; x_wconf 88' lang='lat' dir='ltr'><strong>cum</strong></span> <span class='ocrx_word' id='word_1_118' title='bbox 718 1554 866 1598; x_wconf 59' lang='lat' dir='ltr'><strong>agn-icul-</strong></span> 
     </span>
     <span class='ocr_line' id='line_1_27' title="bbox 206 1598 867 1644; baseline -0.002 -11"><span class='ocrx_word' id='word_1_119' title='bbox 206 1610 284 1634; x_wconf 75' lang='lat' dir='ltr'><strong>tuta</strong></span> <span class='ocrx_word' id='word_1_120' title='bbox 304 1598 524 1633; x_wconf 79' lang='lat' dir='ltr'><strong>Athenienses</strong></span> <span class='ocrx_word' id='word_1_121' title='bbox 544 1600 647 1632; x_wconf 87' lang='lat' dir='ltr'><strong>etiam</strong></span> <span class='ocrx_word' id='word_1_122' title='bbox 667 1608 867 1644; x_wconf 77' lang='lat' dir='ltr'><strong>receperunt</strong></span> 
     </span>
     <span class='ocr_line' id='line_1_28' title="bbox 207 1644 863 1688; baseline -0.002 -10"><span class='ocrx_word' id='word_1_123' title='bbox 207 1644 407 1678; x_wconf 80' lang='lat' dir='ltr'><strong>divisionem</strong></span> <span class='ocrx_word' id='word_1_124' title='bbox 447 1654 609 1688; x_wconf 81' lang='lat' dir='ltr'><strong>agrorum</strong></span> <span class='ocrx_word' id='word_1_125' title='bbox 660 1655 863 1684; x_wconf 77' lang='lat' dir='ltr'><strong>accuratam,</strong></span> 
     </span>
     <span class='ocr_line' id='line_1_29' title="bbox 208 1690 862 1734; baseline -0.003 -10"><span class='ocrx_word' id='word_1_126' title='bbox 208 1691 243 1724; x_wconf 72' lang='grc' dir='ltr'>ἃ</span> <span class='ocrx_word' id='word_1_127' title='bbox 284 1690 412 1723; x_wconf 85' lang='lat' dir='ltr'><strong>limites</strong></span> <span class='ocrx_word' id='word_1_128' title='bbox 461 1690 681 1734; x_wconf 78' lang='lat' dir='ltr'><strong>privatorum</strong></span> <span class='ocrx_word' id='word_1_129' title='bbox 723 1701 862 1734; x_wconf 84' lang='lat' dir='ltr'><strong>quoque</strong></span> 
     </span>
     <span class='ocr_line' id='line_1_30' title="bbox 204 1735 863 1780; baseline -0.002 -12"><span class='ocrx_word' id='word_1_130' title='bbox 204 1735 414 1780; x_wconf 64' lang='lat' dir='ltr'><strong>praediorum</strong></span> <span class='ocrx_word' id='word_1_131' title='bbox 438 1746 456 1768; x_wconf 88' lang='lat' dir='ltr'><strong>a</strong></span> <span class='ocrx_word' id='word_1_132' title='bbox 478 1735 611 1768; x_wconf 87' lang='lat' dir='ltr'><strong>nemine</strong></span> <span class='ocrx_word' id='word_1_133' title='bbox 641 1735 770 1768; x_wconf 85' lang='lat' dir='ltr'><strong>civium</strong></span> <span class='ocrx_word' id='word_1_134' title='bbox 789 1735 863 1768; x_wconf 87' lang='lat' dir='ltr'><strong>vio-</strong></span> 
     </span>
     <span class='ocr_line' id='line_1_31' title="bbox 206 1780 861 1824; baseline -0.003 -10"><span class='ocrx_word' id='word_1_135' title='bbox 206 1781 347 1814; x_wconf 78' lang='lat' dir='ltr'><strong>landos:</strong></span> <span class='ocrx_word' id='word_1_136' title='bbox 374 1791 478 1824; x_wconf 85' lang='lat' dir='ltr'><strong>porro</strong></span> <span class='ocrx_word' id='word_1_137' title='bbox 497 1780 591 1824; x_wconf 75' lang='lat' dir='ltr'><strong>quod</strong></span> <span class='ocrx_word' id='word_1_138' title='bbox 602 1780 750 1824; x_wconf 73' lang='lat' dir='ltr'><strong>quisque</strong></span> <span class='ocrx_word' id='word_1_139' title='bbox 765 1780 861 1813; x_wconf 82' lang='lat' dir='ltr'><strong>cultu</strong></span> 
     </span>
     <span class='ocr_line' id='line_1_32' title="bbox 203 1822 860 1869; baseline -0.002 -10"><span class='ocrx_word' id='word_1_140' title='bbox 203 1824 273 1865; x_wconf 69' lang='lat' dir='ltr'><strong>suo,</strong></span> <span class='ocrx_word' id='word_1_141' title='bbox 295 1824 351 1858; x_wconf 84' lang='lat' dir='ltr'><strong>suo</strong></span> <span class='ocrx_word' id='word_1_142' title='bbox 365 1822 694 1869; x_wconf 71' lang='lat' dir='ltr'><strong>iuagro‚effeciffet.</strong></span> <span class='ocrx_word' id='word_1_143' title='bbox 718 1824 780 1858; x_wconf 81' lang='lat' dir='ltr'><strong>hoc</strong></span> <span class='ocrx_word' id='word_1_144' title='bbox 802 1824 860 1868; x_wconf 81' lang='lat' dir='ltr'><strong>ipsi</strong></span> 
     </span>
     <span class='ocr_line' id='line_1_33' title="bbox 205 1868 861 1916; baseline -0.002 -13"><span class='ocrx_word' id='word_1_145' title='bbox 205 1872 385 1916; x_wconf 82' lang='lat' dir='ltr'><strong>proprium</strong></span> <span class='ocrx_word' id='word_1_146' title='bbox 414 1869 567 1914; x_wconf 72' lang='lat' dir='ltr'><strong>praestaie</strong></span> <span class='ocrx_word' id='word_1_147' title='bbox 607 1868 752 1903; x_wconf 74' lang='lat' dir='ltr'><strong>debebat</strong></span> <span class='ocrx_word' id='word_1_148' title='bbox 780 1869 861 1913; x_wconf 83' lang='lat' dir='ltr'><strong>resp.</strong></span> 
     </span>
     <span class='ocr_line' id='line_1_34' title="bbox 206 1913 859 1959; baseline -0.002 -10"><span class='ocrx_word' id='word_1_149' title='bbox 206 1927 246 1949; x_wconf 86' lang='lat' dir='ltr'><strong>ut</strong></span> <span class='ocrx_word' id='word_1_150' title='bbox 262 1927 278 1948; x_wconf 82' lang='lat' dir='ltr'><strong>a</strong></span> <span class='ocrx_word' id='word_1_151' title='bbox 298 1916 434 1949; x_wconf 87' lang='lat' dir='ltr'><strong>nemine</strong></span> <span class='ocrx_word' id='word_1_152' title='bbox 451 1915 592 1958; x_wconf 82' lang='lat' dir='ltr'><strong>impune</strong></span> <span class='ocrx_word' id='word_1_153' title='bbox 606 1913 713 1959; x_wconf 80' lang='lat' dir='ltr'><strong>posset</strong></span> <span class='ocrx_word' id='word_1_154' title='bbox 726 1915 859 1949; x_wconf 74' lang='lat' dir='ltr'><strong>violari.</strong></span> 
     </span>
     <span class='ocr_line' id='line_1_35' title="bbox 206 1960 863 2003; baseline -0.005 -8"><span class='ocrx_word' id='word_1_155' title='bbox 206 1963 286 1996; x_wconf 80' lang='lat' dir='ltr'><strong>Haec</strong></span> <span class='ocrx_word' id='word_1_156' title='bbox 319 1961 435 2003; x_wconf 80' lang='lat' dir='ltr'><strong>legum</strong></span> <span class='ocrx_word' id='word_1_157' title='bbox 457 1960 574 2000; x_wconf 78' lang='lat' dir='ltr'><strong>initia,</strong></span> <span class='ocrx_word' id='word_1_158' title='bbox 606 1960 698 1992; x_wconf 82' lang='lat' dir='ltr'><strong>unde</strong></span> <span class='ocrx_word' id='word_1_159' title='bbox 719 1960 760 1993; x_wconf 85' lang='lat' dir='ltr'><strong>ad</strong></span> <span class='ocrx_word' id='word_1_160' title='bbox 785 1960 863 1993; x_wconf 81' lang='lat' dir='ltr'><strong>reli-</strong></span> 
     </span>
     <span class='ocr_line' id='line_1_36' title="bbox 206 2004 861 2050; baseline 0.002 -12"><span class='ocrx_word' id='word_1_161' title='bbox 206 2017 307 2050; x_wconf 84' lang='lat' dir='ltr'><strong>quam</strong></span> <span class='ocrx_word' id='word_1_162' title='bbox 330 2004 576 2038; x_wconf 81' lang='lat' dir='ltr'><strong>humanitatem</strong></span> <span class='ocrx_word' id='word_1_163' title='bbox 589 2005 861 2049; x_wconf 77' lang='lat' dir='ltr'><strong>civilitatemque</strong></span> 
     </span>
     <span class='ocr_line' id='line_1_37' title="bbox 204 2048 641 2097; baseline -0.002 -13"><span class='ocrx_word' id='word_1_164' title='bbox 204 2048 401 2097; x_wconf 78' lang='lat' dir='ltr'><strong>progressus</strong></span> <span class='ocrx_word' id='word_1_165' title='bbox 432 2049 542 2083; x_wconf 81' lang='lat' dir='ltr'><strong>facilis</strong></span> <span class='ocrx_word' id='word_1_166' title='bbox 562 2049 641 2083; x_wconf 88' lang='lat' dir='ltr'><strong>fuit.</strong></span> 
     </span>
    </p>

    <p class='ocr_par' dir='ltr' id='par_1_15' title="bbox 199 2093 862 2725">
     <span class='ocr_line' id='line_1_38' title="bbox 249 2093 859 2139; baseline -0.003 -9"><span class='ocrx_word' id='word_1_167' title='bbox 249 2097 341 2130; x_wconf 82' lang='lat' dir='ltr'><strong>Ante</strong></span> <span class='ocrx_word' id='word_1_168' title='bbox 377 2093 494 2139; x_wconf 83' lang='lat' dir='ltr'><strong>fruges</strong></span> <span class='ocrx_word' id='word_1_169' title='bbox 535 2095 692 2128; x_wconf 81' lang='lat' dir='ltr'><strong>inventas</strong></span> <span class='ocrx_word' id='word_1_170' title='bbox 734 2094 859 2137; x_wconf 74' lang='lat' dir='ltr'><strong>glande</strong></span> 
     </span>
     <span class='ocr_line' id='line_1_39' title="bbox 203 2139 858 2184; baseline -0.002 -11"><span class='ocrx_word' id='word_1_171' title='bbox 203 2140 289 2174; x_wconf 79' lang='lat' dir='ltr'><strong>vesci</strong></span> <span class='ocrx_word' id='word_1_172' title='bbox 303 2168 312 2180; x_wconf 86' lang='lat'><strong>‚</strong></span> <span class='ocrx_word' id='word_1_173' title='bbox 342 2142 614 2180; x_wconf 70' lang='grc' dir='ltr'><strong>βαλανκφαγεῖν,</strong></span> <span class='ocrx_word' id='word_1_174' title='bbox 648 2139 858 2184; x_wconf 79' lang='lat' dir='ltr'><strong>putabantur</strong></span> 
     </span>
     <span class='ocr_line' id='line_1_40' title="bbox 203 2183 858 2228; baseline -0.003 -9"><span class='ocrx_word' id='word_1_175' title='bbox 203 2186 381 2225; x_wconf 84' lang='lat' dir='ltr'><strong>homines,</strong></span> <span class='ocrx_word' id='word_1_176' title='bbox 413 2183 525 2218; x_wconf 60' lang='lat' dir='ltr'><strong>stu-stu</strong></span> <span class='ocrx_word' id='word_1_177' title='bbox 556 2184 716 2228; x_wconf 86' lang='lat' dir='ltr'><strong>copioso,</strong></span> <span class='ocrx_word' id='word_1_178' title='bbox 749 2184 791 2218; x_wconf 81' lang='lat' dir='ltr'><strong>ad</strong></span> <span class='ocrx_word' id='word_1_179' title='bbox 811 2183 858 2217; x_wconf 83' lang='lat' dir='ltr'><strong>as-</strong></span> 
     </span>
     <span class='ocr_line' id='line_1_41' title="bbox 202 2229 859 2274; baseline -0.005 -9"><span class='ocrx_word' id='word_1_180' title='bbox 202 2230 409 2265; x_wconf 84' lang='lat' dir='ltr'><strong>servandum</strong></span> <span class='ocrx_word' id='word_1_181' title='bbox 437 2240 497 2274; x_wconf 87' lang='lat' dir='ltr'><strong>per</strong></span> <span class='ocrx_word' id='word_1_182' title='bbox 519 2229 664 2263; x_wconf 88' lang='lat' dir='ltr'><strong>hiemem</strong></span> <span class='ocrx_word' id='word_1_183' title='bbox 693 2240 772 2274; x_wconf 82' lang='lat' dir='ltr'><strong>apte</strong></span> <span class='ocrx_word' id='word_1_184' title='bbox 793 2230 859 2264; x_wconf 70' lang='grc' dir='ltr'><strong>δῖε.</strong></span> 
     </span>
     <span class='ocr_line' id='line_1_42' title="bbox 203 2275 859 2315; baseline -0.008 -4"><span class='ocrx_word' id='word_1_185' title='bbox 203 2275 348 2311; x_wconf 80' lang='lat' dir='ltr'><strong>Pulchre</strong></span> <span class='ocrx_word' id='word_1_186' title='bbox 372 2277 634 2315; x_wconf 64' lang='grc' dir='ltr'><strong>βαλανηφαγίαν</strong></span> <span class='ocrx_word' id='word_1_187' title='bbox 666 2275 761 2308; x_wconf 79' lang='lat' dir='ltr'><strong>illam</strong></span> <span class='ocrx_word' id='word_1_188' title='bbox 781 2286 859 2308; x_wconf 81' lang='lat' dir='ltr'><strong>cum</strong></span> 
     </span>
     <span class='ocr_line' id='line_1_43' title="bbox 204 2318 859 2365; baseline -0.003 -10"><span class='ocrx_word' id='word_1_189' title='bbox 204 2322 338 2365; x_wconf 82' lang='lat' dir='ltr'><strong>reliqua</strong></span> <span class='ocrx_word' id='word_1_190' title='bbox 357 2321 435 2353; x_wconf 82' lang='lat' dir='ltr'><strong>vitae</strong></span> <span class='ocrx_word' id='word_1_191' title='bbox 463 2318 622 2352; x_wconf 78' lang='lat' dir='ltr'><strong>barbarie</strong></span> <span class='ocrx_word' id='word_1_192' title='bbox 652 2319 686 2352; x_wconf 74' lang='grc' dir='ltr'>ἃ</span> <span class='ocrx_word' id='word_1_193' title='bbox 707 2319 859 2353; x_wconf 68' lang='lat' dir='ltr'><strong>foeditate</strong></span> 
     </span>
     <span class='ocr_line' id='line_1_44' title="bbox 203 2365 858 2409; baseline -0.006 -9"><span class='ocrx_word' id='word_1_194' title='bbox 203 2366 388 2409; x_wconf 80' lang='lat' dir='ltr'><strong>coniungit</strong></span> <span class='ocrx_word' id='word_1_195' title='bbox 410 2365 606 2400; x_wconf 63' lang='lat' dir='ltr'><strong>Hor-anSat,</strong></span> <span class='ocrx_word' id='word_1_196' title='bbox 623 2375 645 2404; x_wconf 78' lang='grc' dir='ltr'><strong>ι,</strong></span> <span class='ocrx_word' id='word_1_197' title='bbox 659 2374 687 2405; x_wconf 87' lang='lat'><strong>3.</strong></span> <span class='ocrx_word' id='word_1_198' title='bbox 707 2376 727 2407; x_wconf 86' lang='lat'>9</span> <span class='ocrx_word' id='word_1_199' title='bbox 781 2367 858 2398; x_wconf 86' lang='lat' dir='ltr'><strong>Cum</strong></span> 
     </span>
     <span class='ocr_line' id='line_1_45' title="bbox 199 2411 858 2456; baseline -0.003 -12"><span class='ocrx_word' id='word_1_200' title='bbox 199 2413 425 2456; x_wconf 76' lang='lat' dir='ltr'><strong>prorepserunt</strong></span> <span class='ocrx_word' id='word_1_201' title='bbox 445 2411 560 2454; x_wconf 80' lang='lat' dir='ltr'><strong>primis</strong></span> <span class='ocrx_word' id='word_1_202' title='bbox 583 2411 732 2443; x_wconf 77' lang='lat' dir='ltr'><strong>animalia</strong></span> <span class='ocrx_word' id='word_1_203' title='bbox 753 2411 858 2449; x_wconf 78' lang='lat' dir='ltr'><strong>terris,</strong></span> 
     </span>
     <span class='ocr_line' id='line_1_46' title="bbox 203 2456 860 2499; baseline -0.002 -10"><span class='ocrx_word' id='word_1_204' title='bbox 203 2460 336 2492; x_wconf 62' lang='lat' dir='ltr'><strong>Aliarum</strong></span> <span class='ocrx_word' id='word_1_205' title='bbox 381 2456 415 2492; x_wconf 56' lang='lat'><strong>&amp;9&#39;</strong></span> <span class='ocrx_word' id='word_1_206' title='bbox 443 2465 534 2499; x_wconf 81' lang='lat' dir='ltr'><strong>turpe</strong></span> <span class='ocrx_word' id='word_1_207' title='bbox 557 2466 669 2498; x_wconf 82' lang='lat' dir='ltr'><strong>pecus,</strong></span> <span class='ocrx_word' id='word_1_208' title='bbox 709 2456 860 2497; x_wconf 71' lang='lat' dir='ltr'><strong>glandem</strong></span> 
     </span>
     <span class='ocr_line' id='line_1_47' title="bbox 203 2501 861 2543; baseline -0.002 -10"><span class='ocrx_word' id='word_1_209' title='bbox 203 2511 296 2543; x_wconf 74' lang='lat' dir='ltr'><strong>mque</strong></span> <span class='ocrx_word' id='word_1_210' title='bbox 323 2501 436 2534; x_wconf 80' lang='lat' dir='ltr'><strong>cubilia</strong></span> <span class='ocrx_word' id='word_1_211' title='bbox 462 2510 591 2543; x_wconf 75' lang='lat' dir='ltr'><strong>propter</strong></span> <span class='ocrx_word' id='word_1_212' title='bbox 694 2502 861 2543; x_wconf 76' lang='lat' dir='ltr'><strong>Unguibus</strong></span> 
     </span>
     <span class='ocr_line' id='line_1_48' title="bbox 203 2545 861 2589; baseline -0.002 -11"><span class='ocrx_word' id='word_1_213' title='bbox 203 2547 389 2589; x_wconf 66' lang='lat' dir='ltr'><strong>&amp;pugnis‚</strong></span> <span class='ocrx_word' id='word_1_214' title='bbox 421 2545 666 2588; x_wconf 76' lang='lat' dir='ltr'><strong>deinfuftibm,</strong></span> <span class='ocrx_word' id='word_1_215' title='bbox 698 2554 789 2588; x_wconf 81' lang='lat' dir='ltr'><strong>atque</strong></span> <span class='ocrx_word' id='word_1_216' title='bbox 814 2547 861 2578; x_wconf 78' lang='lat' dir='ltr'><strong>ita</strong></span> 
     </span>
     <span class='ocr_line' id='line_1_49' title="bbox 201 2591 860 2635; baseline -0.002 -12"><span class='ocrx_word' id='word_1_217' title='bbox 201 2602 295 2635; x_wconf 76' lang='lat' dir='ltr'><strong>porro</strong></span> <span class='ocrx_word' id='word_1_218' title='bbox 417 2592 610 2634; x_wconf 77' lang='lat' dir='ltr'><strong>Pugnabant</strong></span> <span class='ocrx_word' id='word_1_219' title='bbox 658 2591 757 2623; x_wconf 78' lang='lat' dir='ltr'><strong>armis</strong></span> <span class='ocrx_word' id='word_1_220' title='bbox 794 2591 860 2625; x_wconf 71' lang='grc' dir='ltr'><strong>ἃς.</strong></span> 
     </span>
     <span class='ocr_line' id='line_1_50' title="bbox 203 2634 859 2677; baseline 0.002 -9"><span class='ocrx_word' id='word_1_221' title='bbox 203 2635 269 2668; x_wconf 79' lang='lat' dir='ltr'><strong>Sed</strong></span> <span class='ocrx_word' id='word_1_222' title='bbox 298 2634 505 2669; x_wconf 76' lang='lat' dir='ltr'><strong>historiolam</strong></span> <span class='ocrx_word' id='word_1_223' title='bbox 532 2635 652 2668; x_wconf 77' lang='lat' dir='ltr'><strong>damus</strong></span> <span class='ocrx_word' id='word_1_224' title='bbox 679 2634 721 2668; x_wconf 80' lang='lat' dir='ltr'><strong>ad</strong></span> <span class='ocrx_word' id='word_1_225' title='bbox 739 2634 790 2677; x_wconf 78' lang='lat'><strong>36,</strong></span> <span class='ocrx_word' id='word_1_226' title='bbox 811 2645 859 2677; x_wconf 84' lang='lat'><strong>43.</strong></span> 
     </span>
     <span class='ocr_line' id='line_1_51' title="bbox 203 2680 862 2725; baseline -0.003 -10"><span class='ocrx_word' id='word_1_227' title='bbox 203 2681 353 2715; x_wconf 59' lang='lat' dir='ltr'><strong>Dodonia</strong></span> <span class='ocrx_word' id='word_1_228' title='bbox 376 2692 505 2724; x_wconf 79' lang='lat' dir='ltr'><strong>quercus</strong></span> <span class='ocrx_word' id='word_1_229' title='bbox 533 2681 570 2715; x_wconf 74' lang='lat' dir='ltr'><strong>«Se</strong></span> <span class='ocrx_word' id='word_1_230' title='bbox 591 2680 709 2713; x_wconf 67' lang='lat' dir='ltr'><strong>similia</strong></span> <span class='ocrx_word' id='word_1_231' title='bbox 749 2681 862 2725; x_wconf 69' lang='lat' dir='ltr'><strong>poetis</strong></span> 
     </span>
    </p>
   </div>
   <div class='ocr_carea' id='block_1_15' title="bbox 711 2760 715 2780">
    <p class='ocr_par' dir='ltr' id='par_1_16' title="bbox 711 2760 715 2780">
     <span class='ocr_line' id='line_1_52' title="bbox 711 2760 715 2780; baseline 0 0"><span class='ocrx_word' id='word_1_232' title='bbox 711 2760 715 2780; x_wconf 94' lang='grc'><strong><em>1</em></strong></span> 
     </span>
    </p>
   </div>
   <div class='ocr_carea' id='block_1_16' title="bbox 912 1373 1578 2723">
    <p class='ocr_par' dir='ltr' id='par_1_17' title="bbox 919 1373 1578 1683">
     <span class='ocr_line' id='line_1_53' title="bbox 923 1373 1578 1417; baseline 0 -11"><span class='ocrx_word' id='word_1_233' title='bbox 923 1373 1100 1417; x_wconf 80' lang='lat' dir='ltr'><strong>placuere,</strong></span> <span class='ocrx_word' id='word_1_234' title='bbox 1142 1383 1181 1407; x_wconf 89' lang='lat' dir='ltr'><strong>ut</strong></span> <span class='ocrx_word' id='word_1_235' title='bbox 1220 1373 1578 1407; x_wconf 81' lang='lat' dir='ltr'><strong>simul&#39;admonerent</strong></span> 
     </span>
     <span class='ocr_line' id='line_1_54' title="bbox 922 1418 1577 1463; baseline -0.003 -12"><span class='ocrx_word' id='word_1_236' title='bbox 922 1419 1073 1461; x_wconf 81' lang='lat' dir='ltr'><strong>juniores</strong></span> <span class='ocrx_word' id='word_1_237' title='bbox 1096 1418 1136 1452; x_wconf 87' lang='lat' dir='ltr'><strong>de</strong></span> <span class='ocrx_word' id='word_1_238' title='bbox 1157 1419 1276 1463; x_wconf 81' lang='lat' dir='ltr'><strong>patriis</strong></span> <span class='ocrx_word' id='word_1_239' title='bbox 1297 1429 1407 1452; x_wconf 77' lang='lat' dir='ltr'><strong>rerum</strong></span> <span class='ocrx_word' id='word_1_240' title='bbox 1423 1428 1577 1460; x_wconf 84' lang='lat' dir='ltr'><strong>quacun-</strong></span> 
     </span>
     <span class='ocr_line' id='line_1_55' title="bbox 922 1462 1576 1506; baseline -0.002 -10"><span class='ocrx_word' id='word_1_241' title='bbox 922 1475 989 1506; x_wconf 86' lang='lat' dir='ltr'><strong>que</strong></span> <span class='ocrx_word' id='word_1_242' title='bbox 1017 1463 1114 1496; x_wconf 72' lang='lat' dir='ltr'><strong>causa</strong></span> <span class='ocrx_word' id='word_1_243' title='bbox 1143 1462 1325 1497; x_wconf 81' lang='lat' dir='ltr'><strong>nobilium.</strong></span> <span class='ocrx_word' id='word_1_244' title='bbox 1368 1464 1410 1495; x_wconf 85' lang='lat' dir='ltr'><strong>ln</strong></span> <span class='ocrx_word' id='word_1_245' title='bbox 1436 1463 1576 1495; x_wconf 87' lang='lat' dir='ltr'><strong>univer-</strong></span> 
     </span>
     <span class='ocr_line' id='line_1_56' title="bbox 921 1507 1577 1550; baseline -0.003 -8"><span class='ocrx_word' id='word_1_246' title='bbox 921 1508 994 1542; x_wconf 90' lang='lat' dir='ltr'><strong>sum</strong></span> <span class='ocrx_word' id='word_1_247' title='bbox 1013 1507 1077 1542; x_wconf 88' lang='lat' dir='ltr'><strong>hoc</strong></span> <span class='ocrx_word' id='word_1_248' title='bbox 1096 1509 1234 1547; x_wconf 62' lang='lat' dir='ltr'><strong>videtur</strong></span> <span class='ocrx_word' id='word_1_249' title='bbox 1261 1507 1437 1542; x_wconf 82' lang='lat' dir='ltr'><strong>consilium</strong></span> <span class='ocrx_word' id='word_1_250' title='bbox 1461 1511 1577 1550; x_wconf 72' lang='lat' dir='ltr'><strong>poeta·</strong></span> 
     </span>
     <span class='ocr_line' id='line_1_57' title="bbox 922 1552 1575 1592; baseline -0.002 -6"><span class='ocrx_word' id='word_1_251' title='bbox 922 1565 998 1586; x_wconf 87' lang='lat' dir='ltr'><strong>rum</strong></span> <span class='ocrx_word' id='word_1_252' title='bbox 1025 1553 1068 1587; x_wconf 80' lang='lat' dir='ltr'><strong>ab</strong></span> <span class='ocrx_word' id='word_1_253' title='bbox 1096 1555 1247 1588; x_wconf 85' lang='lat' dir='ltr'><strong>Homero</strong></span> <span class='ocrx_word' id='word_1_254' title='bbox 1277 1554 1355 1587; x_wconf 86' lang='lat' dir='ltr'><strong>inde</strong></span> <span class='ocrx_word' id='word_1_255' title='bbox 1384 1552 1503 1592; x_wconf 76' lang='lat' dir='ltr'><strong>fuisse,</strong></span> <span class='ocrx_word' id='word_1_256' title='bbox 1535 1562 1575 1585; x_wconf 87' lang='lat' dir='ltr'><strong>ut</strong></span> 
     </span>
     <span class='ocr_line' id='line_1_58' title="bbox 920 1597 1575 1642; baseline -0.002 -10"><span class='ocrx_word' id='word_1_257' title='bbox 920 1600 1057 1642; x_wconf 71' lang='lat' dir='ltr'><strong>Ceo-gra</strong></span> <span class='ocrx_word' id='word_1_258' title='bbox 1086 1598 1199 1640; x_wconf 83' lang='lat' dir='ltr'><strong>hiam,</strong></span> <span class='ocrx_word' id='word_1_259' title='bbox 1268 1598 1418 1632; x_wconf 84' lang='lat' dir='ltr'><strong>fundum</strong></span> <span class='ocrx_word' id='word_1_260' title='bbox 1482 1597 1575 1642; x_wconf 75' lang='lat' dir='ltr'><strong>quast</strong></span> 
     </span>
     <span class='ocr_line' id='line_1_59' title="bbox 919 1611 1419 1683; baseline -0.004 -5"><span class='ocrx_word' id='word_1_261' title='bbox 919 1645 1032 1678; x_wconf 87' lang='lat' dir='ltr'><strong>omnis</strong></span> <span class='ocrx_word' id='word_1_262' title='bbox 1061 1611 1225 1683; x_wconf 56' lang='lat' dir='ltr'><strong>Eistorffl,</strong></span> <span class='ocrx_word' id='word_1_263' title='bbox 1248 1644 1419 1678; x_wconf 85' lang='lat' dir='ltr'><strong>docerent.</strong></span> 
     </span>
    </p>

    <p class='ocr_par' dir='ltr' id='par_1_18' title="bbox 912 1687 1576 2408">
     <span class='ocr_line' id='line_1_60' title="bbox 963 1687 1576 1732; baseline -0.003 -9"><span class='ocrx_word' id='word_1_264' title='bbox 963 1698 1000 1730; x_wconf 81' lang='lat'><strong>32</strong></span> <span class='ocrx_word' id='word_1_265' title='bbox 1024 1689 1114 1723; x_wconf 87' lang='lat' dir='ltr'><strong>Hinc</strong></span> <span class='ocrx_word' id='word_1_266' title='bbox 1153 1689 1293 1722; x_wconf 86' lang='lat' dir='ltr'><strong>initium</strong></span> <span class='ocrx_word' id='word_1_267' title='bbox 1323 1688 1415 1732; x_wconf 80' lang='lat' dir='ltr'><strong>quasi</strong></span> <span class='ocrx_word' id='word_1_268' title='bbox 1454 1687 1576 1722; x_wconf 60' lang='grc' dir='ltr'><strong>παθαι-</strong></span> 
     </span>
     <span class='ocr_line' id='line_1_61' title="bbox 919 1733 1574 1779; baseline -0.002 -13"><span class='ocrx_word' id='word_1_269' title='bbox 919 1733 1024 1767; x_wconf 86' lang='lat' dir='ltr'><strong>tionis</strong></span> <span class='ocrx_word' id='word_1_270' title='bbox 1038 1762 1046 1773; x_wconf 75' lang='lat'>,</span> <span class='ocrx_word' id='word_1_271' title='bbox 1072 1735 1106 1767; x_wconf 87' lang='lat' dir='ltr'><strong>in</strong></span> <span class='ocrx_word' id='word_1_272' title='bbox 1125 1745 1192 1779; x_wconf 89' lang='lat' dir='ltr'><strong>quo</strong></span> <span class='ocrx_word' id='word_1_273' title='bbox 1213 1734 1276 1768; x_wconf 87' lang='lat' dir='ltr'><strong>hoc</strong></span> <span class='ocrx_word' id='word_1_274' title='bbox 1294 1733 1402 1778; x_wconf 83' lang='lat' dir='ltr'><strong>ipsum</strong></span> <span class='ocrx_word' id='word_1_275' title='bbox 1419 1744 1486 1767; x_wconf 89' lang='lat' dir='ltr'><strong>non</strong></span> <span class='ocrx_word' id='word_1_276' title='bbox 1504 1733 1574 1766; x_wconf 78' lang='lat' dir='ltr'><strong>val-</strong></span> 
     </span>
     <span class='ocr_line' id='line_1_62' title="bbox 919 1778 1574 1823; baseline -0.002 -11"><span class='ocrx_word' id='word_1_277' title='bbox 919 1779 959 1813; x_wconf 89' lang='lat' dir='ltr'><strong>de</strong></span> <span class='ocrx_word' id='word_1_278' title='bbox 996 1780 1189 1823; x_wconf 70' lang='lat' dir='ltr'><strong>poeticum,</strong></span> <span class='ocrx_word' id='word_1_279' title='bbox 1234 1789 1322 1812; x_wconf 86' lang='lat' dir='ltr'><strong>certe</strong></span> <span class='ocrx_word' id='word_1_280' title='bbox 1359 1779 1399 1812; x_wconf 86' lang='lat' dir='ltr'><strong>de</strong></span> <span class='ocrx_word' id='word_1_281' title='bbox 1437 1778 1574 1812; x_wconf 71' lang='lat' dir='ltr'><strong>Horatii</strong></span> 
     </span>
     <span class='ocr_line' id='line_1_63' title="bbox 917 1822 1569 1868; baseline 0 -12"><span class='ocrx_word' id='word_1_282' title='bbox 917 1824 959 1857; x_wconf 74' lang='lat' dir='ltr'><strong>A.</strong></span> <span class='ocrx_word' id='word_1_283' title='bbox 973 1825 1008 1857; x_wconf 91' lang='grc' dir='ltr'><strong>Ρ.</strong></span> <span class='ocrx_word' id='word_1_284' title='bbox 1024 1835 1078 1866; x_wconf 76' lang='lat'><strong>147</strong></span> <span class='ocrx_word' id='word_1_285' title='bbox 1124 1824 1288 1858; x_wconf 83' lang='lat' dir='ltr'><strong>sententia</strong></span> <span class='ocrx_word' id='word_1_286' title='bbox 1308 1823 1366 1864; x_wconf 84' lang='lat' dir='ltr'><strong>est,</strong></span> <span class='ocrx_word' id='word_1_287' title='bbox 1391 1822 1483 1868; x_wconf 86' lang='lat' dir='ltr'><strong>quod</strong></span> <span class='ocrx_word' id='word_1_288' title='bbox 1498 1834 1569 1856; x_wconf 92' lang='lat' dir='ltr'><strong>rem</strong></span> 
     </span>
     <span class='ocr_line' id='line_1_64' title="bbox 916 1867 1570 1903; baseline -0.003 0"><span class='ocrx_word' id='word_1_289' title='bbox 916 1870 1020 1903; x_wconf 87' lang='lat' dir='ltr'><strong>nimis</strong></span> <span class='ocrx_word' id='word_1_290' title='bbox 1048 1868 1090 1902; x_wconf 83' lang='lat' dir='ltr'><strong>ab</strong></span> <span class='ocrx_word' id='word_1_291' title='bbox 1119 1881 1184 1903; x_wconf 81' lang='lat' dir='ltr'><strong>ovo</strong></span> <span class='ocrx_word' id='word_1_292' title='bbox 1213 1869 1357 1903; x_wconf 86' lang='lat' dir='ltr'><strong>orditur.</strong></span> <span class='ocrx_word' id='word_1_293' title='bbox 1413 1868 1477 1901; x_wconf 80' lang='lat' dir='ltr'><strong>Sed</strong></span> <span class='ocrx_word' id='word_1_294' title='bbox 1505 1867 1570 1902; x_wconf 87' lang='lat' dir='ltr'><strong>hoc</strong></span> 
     </span>
     <span class='ocr_line' id='line_1_65' title="bbox 915 1913 1572 1959; baseline -0.002 -12"><span class='ocrx_word' id='word_1_295' title='bbox 915 1914 1156 1959; x_wconf 87' lang='lat' dir='ltr'><strong>philosophum</strong></span> <span class='ocrx_word' id='word_1_296' title='bbox 1185 1915 1220 1948; x_wconf 69' lang='grc' dir='ltr'>ἃ</span> <span class='ocrx_word' id='word_1_297' title='bbox 1241 1914 1392 1948; x_wconf 78' lang='lat' dir='ltr'><strong>Platonis</strong></span> <span class='ocrx_word' id='word_1_298' title='bbox 1421 1913 1572 1947; x_wconf 88' lang='lat' dir='ltr'><strong>medico-</strong></span> 
     </span>
     <span class='ocr_line' id='line_1_66' title="bbox 916 1958 1573 2004; baseline 0 -12"><span class='ocrx_word' id='word_1_299' title='bbox 916 1971 1063 2004; x_wconf 83' lang='lat' dir='ltr'><strong>rumque</strong></span> <span class='ocrx_word' id='word_1_300' title='bbox 1106 1958 1298 1993; x_wconf 80' lang='lat' dir='ltr'><strong>rationibus</strong></span> <span class='ocrx_word' id='word_1_301' title='bbox 1336 1959 1573 1993; x_wconf 79' lang='lat' dir='ltr'><strong>accommoda-</strong></span> 
     </span>
     <span class='ocr_line' id='line_1_67' title="bbox 916 2002 1568 2048; baseline -0.002 -11"><span class='ocrx_word' id='word_1_302' title='bbox 916 2015 1003 2045; x_wconf 84' lang='lat' dir='ltr'><strong>tum,</strong></span> <span class='ocrx_word' id='word_1_303' title='bbox 1029 2004 1126 2048; x_wconf 85' lang='lat' dir='ltr'><strong>quod</strong></span> <span class='ocrx_word' id='word_1_304' title='bbox 1147 2015 1308 2047; x_wconf 56' lang='lat' dir='ltr'><strong>negatum</strong></span> <span class='ocrx_word' id='word_1_305' title='bbox 1319 2004 1461 2038; x_wconf 85' lang='lat' dir='ltr'><strong>Veneris</strong></span> <span class='ocrx_word' id='word_1_306' title='bbox 1471 2002 1568 2037; x_wconf 88' lang='lat' dir='ltr'><strong>usum</strong></span> 
     </span>
     <span class='ocr_line' id='line_1_68' title="bbox 917 2047 1568 2093; baseline -0.002 -11"><span class='ocrx_word' id='word_1_307' title='bbox 917 2051 953 2083; x_wconf 90' lang='lat' dir='ltr'><strong>in</strong></span> <span class='ocrx_word' id='word_1_308' title='bbox 971 2049 1120 2084; x_wconf 83' lang='lat' dir='ltr'><strong>furorem</strong></span> <span class='ocrx_word' id='word_1_309' title='bbox 1143 2050 1235 2083; x_wconf 81' lang='lat' dir='ltr'><strong>exire</strong></span> <span class='ocrx_word' id='word_1_310' title='bbox 1256 2049 1374 2093; x_wconf 86' lang='lat' dir='ltr'><strong>ponit:</strong></span> <span class='ocrx_word' id='word_1_311' title='bbox 1397 2048 1488 2082; x_wconf 86' lang='lat' dir='ltr'><strong>hunc</strong></span> <span class='ocrx_word' id='word_1_312' title='bbox 1513 2047 1568 2082; x_wconf 87' lang='lat' dir='ltr'><strong>fu-</strong></span> 
     </span>
     <span class='ocr_line' id='line_1_69' title="bbox 916 2094 1569 2138; baseline -0.002 -10"><span class='ocrx_word' id='word_1_313' title='bbox 916 2106 1026 2128; x_wconf 78' lang='lat' dir='ltr'><strong>rorem</strong></span> <span class='ocrx_word' id='word_1_314' title='bbox 1055 2096 1178 2128; x_wconf 77' lang='lat' dir='ltr'><strong>tumida</strong></span> <span class='ocrx_word' id='word_1_315' title='bbox 1205 2097 1252 2127; x_wconf 83' lang='lat' dir='ltr'><strong>ira</strong></span> <span class='ocrx_word' id='word_1_316' title='bbox 1282 2094 1397 2138; x_wconf 71' lang='lat' dir='ltr'><strong>signat.</strong></span> <span class='ocrx_word' id='word_1_317' title='bbox 1445 2097 1569 2129; x_wconf 72' lang='lat' dir='ltr'><strong>Ducem</strong></span> 
     </span>
     <span class='ocr_line' id='line_1_70' title="bbox 916 2140 1572 2183; baseline -0.003 -8"><span class='ocrx_word' id='word_1_318' title='bbox 916 2141 1010 2175; x_wconf 84' lang='lat' dir='ltr'><strong>Erebi</strong></span> <span class='ocrx_word' id='word_1_319' title='bbox 1038 2150 1136 2174; x_wconf 82' lang='lat' dir='ltr'><strong>vocat</strong></span> <span class='ocrx_word' id='word_1_320' title='bbox 1163 2140 1362 2181; x_wconf 82' lang='lat' dir='ltr'><strong>Plutonem,</strong></span> <span class='ocrx_word' id='word_1_321' title='bbox 1403 2149 1572 2183; x_wconf 78' lang='lat' dir='ltr'><strong>quatenus</strong></span> 
     </span>
     <span class='ocr_line' id='line_1_71' title="bbox 915 2184 1567 2228; baseline 0.002 -10"><span class='ocrx_word' id='word_1_322' title='bbox 915 2186 1010 2219; x_wconf 82' lang='lat' dir='ltr'><strong>Erebi</strong></span> <span class='ocrx_word' id='word_1_323' title='bbox 1044 2185 1182 2218; x_wconf 86' lang='lat' dir='ltr'><strong>nomine</strong></span> <span class='ocrx_word' id='word_1_324' title='bbox 1208 2195 1301 2228; x_wconf 83' lang='lat' dir='ltr'><strong>aeque</strong></span> <span class='ocrx_word' id='word_1_325' title='bbox 1327 2195 1430 2228; x_wconf 81' lang='lat' dir='ltr'><strong>atque</strong></span> <span class='ocrx_word' id='word_1_326' title='bbox 1461 2184 1567 2219; x_wconf 85' lang='lat' dir='ltr'><strong>altero</strong></span> 
     </span>
     <span class='ocr_line' id='line_1_72' title="bbox 915 2228 1571 2264; baseline 0.003 -2"><span class='ocrx_word' id='word_1_327' title='bbox 915 2229 1103 2263; x_wconf 83' lang='lat' dir='ltr'><strong>inferorum</strong></span> <span class='ocrx_word' id='word_1_328' title='bbox 1131 2230 1252 2262; x_wconf 84' lang='lat' dir='ltr'><strong>utitur.</strong></span> <span class='ocrx_word' id='word_1_329' title='bbox 1278 2247 1284 2251; x_wconf 73' lang='lat'>=</span> <span class='ocrx_word' id='word_1_330' title='bbox 1307 2231 1469 2263; x_wconf 85' lang='lat' dir='ltr'><strong>Ceterum</strong></span> <span class='ocrx_word' id='word_1_331' title='bbox 1505 2228 1571 2264; x_wconf 84' lang='lat' dir='ltr'><strong>hoc</strong></span> 
     </span>
     <span class='ocr_line' id='line_1_73' title="bbox 914 2272 1567 2316; baseline 0 -8"><span class='ocrx_word' id='word_1_332' title='bbox 914 2273 1014 2308; x_wconf 81' lang='lat' dir='ltr'><strong>Erebi</strong></span> <span class='ocrx_word' id='word_1_333' title='bbox 1035 2275 1172 2308; x_wconf 80' lang='lat' dir='ltr'><strong>nomine</strong></span> <span class='ocrx_word' id='word_1_334' title='bbox 1210 2275 1296 2307; x_wconf 83' lang='lat' dir='ltr'><strong>idem</strong></span> <span class='ocrx_word' id='word_1_335' title='bbox 1310 2273 1378 2307; x_wconf 89' lang='lat' dir='ltr'><strong>fere</strong></span> <span class='ocrx_word' id='word_1_336' title='bbox 1391 2286 1429 2307; x_wconf 77' lang='lat' dir='ltr'><strong>ac</strong></span> <span class='ocrx_word' id='word_1_337' title='bbox 1441 2272 1567 2316; x_wconf 83' lang='lat' dir='ltr'><strong>Chaos,</strong></span> 
     </span>
     <span class='ocr_line' id='line_1_74' title="bbox 915 2319 1567 2354; baseline 0.002 -2"><span class='ocrx_word' id='word_1_338' title='bbox 915 2319 1120 2353; x_wconf 74' lang='lat' dir='ltr'><strong>tenebricosa</strong></span> <span class='ocrx_word' id='word_1_339' title='bbox 1167 2331 1278 2352; x_wconf 79' lang='lat' dir='ltr'><strong>rerum</strong></span> <span class='ocrx_word' id='word_1_340' title='bbox 1317 2319 1473 2353; x_wconf 83' lang='lat' dir='ltr'><strong>omnium</strong></span> <span class='ocrx_word' id='word_1_341' title='bbox 1502 2320 1567 2354; x_wconf 87' lang='lat' dir='ltr'><strong>mi·</strong></span> 
     </span>
     <span class='ocr_line' id='line_1_75' title="bbox 912 2362 1500 2408; baseline 0.002 -11"><span class='ocrx_word' id='word_1_342' title='bbox 912 2364 996 2398; x_wconf 83' lang='lat' dir='ltr'><strong>scela</strong></span> <span class='ocrx_word' id='word_1_343' title='bbox 1019 2365 1054 2398; x_wconf 72' lang='grc' dir='ltr'>ἃ</span> <span class='ocrx_word' id='word_1_344' title='bbox 1076 2362 1228 2398; x_wconf 81' lang='lat' dir='ltr'><strong>confusio</strong></span> <span class='ocrx_word' id='word_1_345' title='bbox 1247 2392 1255 2403; x_wconf 74' lang='grc'><strong>.,</strong></span> <span class='ocrx_word' id='word_1_346' title='bbox 1280 2363 1500 2408; x_wconf 67' lang='lat' dir='ltr'><strong>fignificdtur.</strong></span> 
     </span>
    </p>

    <p class='ocr_par' dir='ltr' id='par_1_19' title="bbox 914 2409 1570 2495">
     <span class='ocr_line' id='line_1_76' title="bbox 960 2409 1570 2451; baseline 0.002 -9"><span class='ocrx_word' id='word_1_347' title='bbox 960 2419 996 2451; x_wconf 84' lang='lat'><strong>37</strong></span> <span class='ocrx_word' id='word_1_348' title='bbox 1023 2411 1128 2442; x_wconf 78' lang='lat' dir='ltr'><strong>Ferale</strong></span> <span class='ocrx_word' id='word_1_349' title='bbox 1152 2410 1356 2450; x_wconf 78' lang='lat' dir='ltr'><strong>barathrum,</strong></span> <span class='ocrx_word' id='word_1_350' title='bbox 1397 2409 1488 2443; x_wconf 85' lang='lat' dir='ltr'><strong>sedes</strong></span> <span class='ocrx_word' id='word_1_351' title='bbox 1516 2409 1570 2443; x_wconf 87' lang='lat' dir='ltr'><strong>in-</strong></span> 
     </span>
     <span class='ocr_line' id='line_1_77' title="bbox 914 2453 1478 2495; baseline 0.004 -8"><span class='ocrx_word' id='word_1_352' title='bbox 914 2453 1066 2488; x_wconf 82' lang='lat' dir='ltr'><strong>felicium</strong></span> <span class='ocrx_word' id='word_1_353' title='bbox 1087 2455 1278 2487; x_wconf 67' lang='lat' dir='ltr'><strong>animatum</strong></span> <span class='ocrx_word' id='word_1_354' title='bbox 1291 2482 1299 2495; x_wconf 79' lang='grc'>,</span> <span class='ocrx_word' id='word_1_355' title='bbox 1322 2464 1478 2489; x_wconf 57' lang='lat' dir='ltr'><strong>tartarus</strong></span> 
     </span>
    </p>

    <p class='ocr_par' dir='ltr' id='par_1_20' title="bbox 913 2499 1568 2723">
     <span class='ocr_line' id='line_1_78' title="bbox 961 2499 1568 2544; baseline 0 -11"><span class='ocrx_word' id='word_1_356' title='bbox 961 2509 1006 2542; x_wconf 86' lang='lat'><strong>40</strong></span> <span class='ocrx_word' id='word_1_357' title='bbox 1043 2500 1157 2533; x_wconf 86' lang='lat' dir='ltr'><strong>Pinum</strong></span> <span class='ocrx_word' id='word_1_358' title='bbox 1186 2511 1253 2533; x_wconf 82' lang='lat' dir='ltr'><strong>non</strong></span> <span class='ocrx_word' id='word_1_359' title='bbox 1289 2510 1373 2544; x_wconf 85' lang='lat' dir='ltr'><strong>puto</strong></span> <span class='ocrx_word' id='word_1_360' title='bbox 1403 2500 1446 2532; x_wconf 79' lang='lat' dir='ltr'><strong>ita</strong></span> <span class='ocrx_word' id='word_1_361' title='bbox 1473 2499 1568 2541; x_wconf 85' lang='lat' dir='ltr'><strong>dici,</strong></span> 
     </span>
     <span class='ocr_line' id='line_1_79' title="bbox 917 2545 1568 2588; baseline 0.003 -11"><span class='ocrx_word' id='word_1_362' title='bbox 917 2554 956 2577; x_wconf 81' lang='lat' dir='ltr'><strong>ut</strong></span> <span class='ocrx_word' id='word_1_363' title='bbox 977 2554 1104 2583; x_wconf 75' lang='lat' dir='ltr'><strong>tot-am,</strong></span> <span class='ocrx_word' id='word_1_364' title='bbox 1137 2545 1427 2588; x_wconf 79' lang='lat' dir='ltr'><strong>quemadmodum</strong></span> <span class='ocrx_word' id='word_1_365' title='bbox 1447 2545 1482 2578; x_wconf 88' lang='lat' dir='ltr'><strong>in</strong></span> <span class='ocrx_word' id='word_1_366' title='bbox 1502 2547 1568 2579; x_wconf 88' lang='lat' dir='ltr'><strong>Ce-</strong></span> 
     </span>
     <span class='ocr_line' id='line_1_80' title="bbox 916 2589 1568 2634; baseline 0.002 -12"><span class='ocrx_word' id='word_1_367' title='bbox 916 2600 1000 2629; x_wconf 83' lang='lat' dir='ltr'><strong>rere,</strong></span> <span class='ocrx_word' id='word_1_368' title='bbox 1024 2590 1240 2634; x_wconf 80' lang='lat' dir='ltr'><strong>velGigante</strong></span> <span class='ocrx_word' id='word_1_369' title='bbox 1259 2590 1387 2633; x_wconf 75' lang='lat' dir='ltr'><strong>aliquo,</strong></span> <span class='ocrx_word' id='word_1_370' title='bbox 1411 2589 1568 2623; x_wconf 80' lang='lat' dir='ltr'><strong>arborem</strong></span> 
     </span>
     <span class='ocr_line' id='line_1_81' title="bbox 916 2632 1567 2683; baseline 0.003 -17"><span class='ocrx_word' id='word_1_371' title='bbox 916 2635 1000 2668; x_wconf 85' lang='lat' dir='ltr'><strong>velit</strong></span> <span class='ocrx_word' id='word_1_372' title='bbox 1021 2634 1166 2683; x_wconf 76' lang='lat' dir='ltr'><strong>intelligi</strong></span> <span class='ocrx_word' id='word_1_373' title='bbox 1182 2661 1190 2674; x_wconf 82' lang='grc'><strong><em>,</em></strong></span> <span class='ocrx_word' id='word_1_374' title='bbox 1222 2633 1277 2667; x_wconf 79' lang='lat' dir='ltr'><strong>sed</strong></span> <span class='ocrx_word' id='word_1_375' title='bbox 1296 2632 1502 2680; x_wconf 77' lang='lat' dir='ltr'><strong>simpliciter&#39;</strong></span> <span class='ocrx_word' id='word_1_376' title='bbox 1518 2634 1567 2668; x_wconf 77' lang='lat' dir='ltr'><strong>fa-</strong></span> 
     </span>
     <span class='ocr_line' id='line_1_82' title="bbox 913 2689 1161 2723; baseline 0 -10"><span class='ocrx_word' id='word_1_377' title='bbox 913 2690 986 2713; x_wconf 85' lang='lat' dir='ltr'><strong>cem</strong></span> <span class='ocrx_word' id='word_1_378' title='bbox 1014 2689 1161 2723; x_wconf 80' lang='lat' dir='ltr'><strong>pineam.</strong></span> 
     </span>
    </p>
   </div>
  </div>
 </body>
</html>
