1696 2942
296 114 367 162 716
561 109 887 153 ANONYMI
947 109 1213 154 POETAE
1255 111 1311 154 CI

327 207 405 249 Cui
423 210 592 255 metuis,
621 207 679 247 nil
701 206 784 261 ipse
803 208 933 248 timet.
990 192 1108 249 Nam‘
1127 209 1283 250 lumine
1304 208 1418 251 reeta

325 280 500 321 Ridebas
520 287 586 326 tu,
613 279 743 326 Dive,
773 286 910 320 truces
938 281 1168 336 animosque
1188 280 1379 337 superbos

215 366 258 405 53
323 354 386 395 De
415 354 602 407 genitore
629 359 797 401 tenens,
836 352 1018 406 votisque
1047 352 1266 407 aptiffimus
1294 355 1407 396 orbis

327 426 537 468 Gaudebas
559 432 711 467 tantam
728 427 812 481 jam
833 434 922 468 tum
940 426 1126 468 meruisse
1150 441 1381 470 novercam.

327 502 509 556 Corripis
549 503 710 556 exiguis
740 515 837 542 mox
865 503 1031 557 grandia
1069 509 1234 557 guttura
1260 505 1420 558 palmiS,

331 576 385 617 Et
416 578 600 632 quamvis
621 578 797 624 teneris,
825 587 979 631 cogens
999 578 1042 617 in
1065 577 1228 618 brachia
1247 579 1421 632 ponduS,

326 649 532 704 Corripis,
562 651 725 691 illidens
760 651 925 706 prensos
953 651 1100 691 tellure
1127 651 1337 692 dracones.

216 725 266 760 60
379 723 532 764 Efferat
561 723 776 764 aetherium
806 731 1002 779 quantum
1030 723 1143 764 volet
1160 725 1270 764 orbis
1295 724 1340 765 in
1359 736 1479 765 axem

321 795 532 845 Latoidas,
572 797 766 852 verosque
798 798 945 852 probet
975 797 1042 838 sua
1070 797 1203 838 fabula
1222 798 1366 846 Divos,

327 872 448 921 Quod
476 872 581 913 Delo
605 873 689 927 jam
717 872 818 913 stare
843 873 954 914 licet.
1011 873 1108 915 Non
1139 886 1257 928 aequa
1285 872 1472 913 laborum

329 945 492 992 Gloria,
520 958 597 986 nec
635 946 752 1000 parili
785 946 990 1001 serpentes
1018 946 1124 987 sorte
1152 952 1362 988 necarunt.

317 1020 387 1063 Illi
405 1033 531 1060 unum
550 1019 685 1061 ferro:
714 1021 901 1074 geminos
922 1020 992 1061 hic
1020 1021 1207 1067 inermis,
1236 1020 1279 1062 &
1299 1031 1420 1061 unus.

214 1097 260 1143 65
410 1092 485 1132 His
521 1093 670 1146 coeptis
690 1105 773 1132 non
795 1092 877 1132 ulla
902 1099 1017 1146 parat
1039 1092 1236 1133 cunabula
1270 1099 1412 1147 partus

321 1164 427 1205 Diva
456 1164 543 1205 tibi.
583 1165 649 1205 sed
680 1178 775 1204 cum
808 1165 907 1206 totis
931 1165 1015 1218 jam
1040 1165 1182 1205 bruma
1210 1165 1366 1219 rigeret

320 1238 549 1288 Imbribu5‚
595 1238 639 1280 &
665 1238 801 1280 solidis
833 1238 1039 1281 haererent
1075 1237 1245 1280 flumina
1274 1237 1471 1295 lymphis,
1532 1236 1540 1241 ”

1395 1309 1584 1353 'Nudum

257 1461 295 1494 53
317 1452 447 1485 lumine
473 1472 503 1479 --
518 1459 631 1486 truces
657 1473 689 1481 --
711 1461 829 1487 tenens
855 1463 871 1486 e
890 1453 970 1496 conj.
999 1453 1114 1497 Heius.
1163 1462 1222 1496 pro
1245 1450 1389 1484 numine
1410 1469 1443 1478 --
1464 1457 1539 1483 tru-

253 1526 377 1561 cesque
400 1536 430 1543 --
452 1524 555 1549 tenes.
668 1516 711 1556 56
735 1516 900 1561 exemptis
932 1516 1003 1559 Cuj.
1115 1519 1156 1555 58
1180 1513 1290 1548 crebis
1307 1522 1438 1559 cogunt
1453 1512 1485 1549 se
1507 1533 1540 1541 ·-

338 1577 490 1623 Porrigis
523 1580 576 1613 vel
594 1578 738 1623 Projicis
765 1580 847 1622 conj.
880 1580 994 1622 Heius:
1106 1577 1154 1612 66
1177 1576 1258 1612 dive
1280 1598 1311 1606 -
1335 1575 1439 1611 motis

788 1641 870 1684 conj.
889 1641 1003 1684 Heius.

254 1781 292 1815 53
316 1772 370 1806 De
392 1772 482 1806 renis
502 1773 598 1805 oculis
625 1772 661 1805 in
679 1771 741 1805 tali
761 1781 807 1811 re,
830 1771 865 1808 h.
921 1771 996 1805 Art.
1012 1779 1102 1813 1‚174
1127 1773 1244 1814 Ingens
1261 1769 1346 1803 orbis
1363 1770 1398 1803 in
1418 1768 1581 1811 urbefuz't.

208 1828 237 1852 e.
252 1818 504 1862 imperterritis‚
524 1817 766 1851 vid.Bentl.ad
780 1818 865 1851 Hor.
967 1816 1008 1850 62
1034 1816 1247 1850 Claudianus
1261 1821 1351 1857 &133
1370 1817 1471 1856 Haefit
1483 1817 1580 1858 Apol·

208 1865 286 1897 Car.
303 1869 431 1905 1,3.18.
922 1863 1004 1896 lineo
1024 1863 1121 1895 Delos
1142 1862 1278 1894 Latonia
1293 1869 1399 1904 partu.

256 1914 295 1947 58
328 1909 362 1941 Si
392 1907 469 1951 quis
510 1906 621 1951 pi&or
647 1906 711 1941 hoc
737 1905 864 1941 faenum
969 1905 1014 1947 64
1039 1907 1108 1939 Dat
1129 1906 1159 1941 A
1189 1905 1285 1939 ollini
1319 1904 1521 1947 adjutricem
1541 1903 1578 1937 in

211 1953 296 1985 velit
320 1952 527 1997 depingere,
559 1951 658 1984 illum
681 1950 864 1996 oportebit,
920 1949 1075 1995 Pythone
1092 1917 1306 1985 conffciendo
1317 1948 1474 1991 sororem,
1497 1948 1581 1982 Dia-

208 2007 299 2038 non‚
320 2007 359 2030 ut
378 1997 519 2040 quidam
540 1996 691 2037 faciunt,
717 1997 753 2030 in
765 1996 865 2029 cunis
919 2007 1010 2030 nam.

208 2042 401 2085 relinquere
435 2052 580 2085 parvum
607 2040 866 2082 Herculiscum‚
969 2041 1015 2074 66
1038 2039 1112 2074 Post
1131 2051 1191 2080 ea,
1222 2051 1298 2085 quae
1331 2039 1376 2074 ad
1394 2050 1425 2073 ν.
1446 2047 1488 2081 47
1516 2035 1579 2072 ob·

210 2086 265 2119 sed
286 2085 407 2126 facere,
432 2085 526 2129 quod
538 2087 679 2119 Plautus
691 2085 867 2130 Amphitr.
924 2082 1150 2126 servavimus,
1183 2096 1251 2119 non
1280 2084 1325 2119 est
1344 2083 1494 2123 mirum,
1512 2076 1579 2117 Di-

208 2130 331 2172 5‚1.63
378 2132 465 2164 Citus
485 2142 499 2163 e
517 2132 606 2163 cunis
635 2132 755 2173 ezfilst,
779 2132 869 2173 facit
922 2143 997 2164 vam
1015 2142 1056 2174 ap
1086 2130 1177 2164 etlari
1200 2130 1418 2163 Alci'nenam:
1444 2129 1479 2162 δε
1498 2138 1578 2161 con-

207 2177 290 2210 reela
316 2177 353 2209 in
379 2187 495 2218 angues
518 2177 687 2218 impetum.-
721 2178 867 2209 Alterum
919 2177 1017 2210 venit
1034 2176 1123 2208 ilud
1141 2187 1171 2208 v.
1186 2187 1215 2217 71
1252 2177 1365 2209 Secura
1380 2174 1449 2215 jam
1465 2181 1577 2205 matre.

207 2223 308 2255 altera
327 2220 531 2265 apprehendit
549 2232 595 2252 eos
619 2232 713 2253 manu
730 2222 868 2263 pernici·
921 2219 994 2254 Nisi
1021 2229 1133 2253 tamen
1161 2219 1215 2252 hic
1243 2219 1387 2252 velimus
1406 2219 1577 2261 Junonem

210 2275 259 2300 ter
286 2266 350 2299 ἃς.
395 2264 462 2298 Hic
490 2262 602 2297 noster
629 2267 712 2308 cogit
735 2264 868 2308 colligit
922 2264 1134 2308 intelligere,
1159 2275 1233 2308 quae
1253 2263 1406 2308 privigni
1424 2261 1472 2295 sui
1493 2261 1576 2294 edu-

201 2312 328 2356 pondus
355 2320 456 2344 omne
483 2308 530 2341 sui
560 2309 712 2353 corporis
738 2311 773 2341 in
797 2310 868 2341 brei-
922 2310 1091 2343 cntionem
1136 2309 1353 2352 permittente
1373 2334 1382 2347 ‚
1429 2316 1468 2340 ut
1507 2314 1578 2339 erat

206 2357 299 2396 chia,
329 2355 364 2389 &
393 2354 434 2387 fic
459 2355 558 2387 illidit
576 2355 722 2387 dracones
739 2354 862 2394 tellure,
917 2354 1085 2393 uxorius,
1118 2354 1202 2396 Jove
1239 2351 1428 2403 susceperit.
1474 2351 1578 2384 Certe

208 2400 269 2444 qui
293 2409 348 2433 aut
366 2399 505 2433 dativus
533 2397 578 2432 est
596 2399 760 2443 antiquus
772 2424 782 2438 ‚
805 2407 865 2431 aut
916 2397 1151 2431 nominativus
1163 2398 1287 2442 aliquis
1301 2398 1356 2430 hic
1374 2396 1577 2440 requiritur,

201 2443 369 2479 -omiffum
389 2446 434 2477 in.
920 2443 963 2476 nd
985 2453 1088 2487 quem
1119 2451 1285 2486 pertineat
1305 2440 1448 2475 verbum
1469 2449 1576 2485 parat,

255 2489 304 2524 60
337 2491 434 2523 Orbis
459 2488 691 2533 Meronymice
733 2487 864 2522 diRum
919 2488 955 2522 &
975 2496 1054 2520 mox
1070 2489 1190 2529 firmat.

201 2544 272 2579 -pro
292 2533 504 2573 hominibus,
525 2542 565 2567 ut
585 2533 690 2577 vulgo
710 2534 864 2566 muudum
966 2534 1007 2573 67
1031 2533 1197 2565 Hereum
1216 2532 1316 2576 glacie
1335 2528 1460 2565 fluvios
1471 2529 1577 2565 etiam

200 2579 352 2619 dicunt,
383 2578 419 2612 δε
447 2577 558 2613 noster
584 2589 616 2611 v.
637 2577 702 2617 863
738 2586 865 2610 veteres
920 2577 1010 2612 dixit
1032 2576 1246 2613 Claudianus
1264 2582 1295 2616 8,
1314 2582 1384 2620 348.

207 2625 325 2661 Orbem
336 2633 502 2659 terrarum,
546 2622 619 2668 Ipse
631 2631 745 2657 temen
758 2622 865 2656 Ovid.
