1696 2942
248 112 326 158 460

515 108 602 151 CL.
647 108 1032 152 CLAUDIANI
1070 106 1271 155 XXVHT‘

270 203 482 252 Caerulus,
515 205 560 246 &
588 205 712 246 velox
741 203 925 251 Athesis,
950 208 1162 263 tardusque
1189 215 1325 250 meatu

271 280 474 326 Mincius,
503 280 628 334 inque
657 292 810 319 novem
838 280 1088 336 consurgens
1115 296 1187 323 ora
1211 283 1425 324 Timavus.

273 354 473 396 Insultant
500 368 644 394 omnes
673 354 876 409 profugo,
904 364 1128 411 pacataque
1156 359 1298 399 laetum

159 439 235 467 200
273 428 455 468 Invitant
483 426 533 466 ad
561 435 676 480 prata
695 441 835 482 pecus.
859 428 943 482 jam
962 428 1067 469 Pana
1088 430 1300 485 Lycaeum,

269 500 358 549 Jam
378 501 565 556 Dryadas
596 511 813 550 revocant,
841 503 926 556 jam
953 502 1100 544 rustica
1130 507 1296 546 numina
1324 505 1502 546 Faunos.

352 575 422 617 Tu
442 590 605 631 quoque
627 590 710 617 non
731 591 902 632 parvum
913 577 1074 626 Getico,
1102 578 1280 627 Verona,
1292 578 1502 633 triumpho

269 648 476 703 Adjungis
501 650 739 692 cumulum:
769 664 846 691 nec
869 652 961 707 plus
988 651 1187 692 Pollentia
1214 652 1336 693 rebus

270 721 457 764 Contulit
482 723 690 771 Ausoniis,
719 732 789 765 aut
818 726 971 765 moenia
1004 725 1181 765 vindicis
1211 724 1332 766 Astae.

158 808 228 845 205
265 797 342 838 Hic
371 797 526 846 rursus,
555 799 652 840 dum
673 799 787 854 pafm
811 807 974 847 movet,
1003 800 1236 855 damnisque
1266 797 1434 841 coactus

269 871 477 923 Extrem03
501 879 660 912 mutare
686 880 801 928 parat
828 874 1040 928 pi‘aesentia
1071 873 1174 920 casu,

268 947 340 988 Nil
368 945 437 987 fibi
467 949 678 1002 perjurum
702 948 817 989 senfit
845 948 1028 1003 prodesse
1059 949 1255 995 furorem,

271 1020 467 1061 Converti
504 1035 582 1062 nec
611 1022 692 1062 fata
722 1023 840 1070 loco3
870 1022 1086 1077 multisque
1117 1022 1282 1063 suorum

271 1092 390 1134 Diras
418 1095 531 1148 pavit
559 1108 677 1142 aves,
716 1096 964 1150 inimicaque
1001 1109 1172 1149 corpora
1203 1094 1376 1135 volvens

273 1166 415 1214 Jonios
442 1167 604 1209 Athefis
634 1170 809 1209 mutavit
840 1169 1034 1223 sanguine
1064 1166 1230 1211 flquS.

159 1251 236 1279 210
277 1240 469 1281 Oblatum
499 1240 672 1282 Stilicho
704 1243 858 1282 violato
892 1242 1050 1282 foedere
1083 1241 1255 1282 Martem

270 1313 474 1354 Omnibus
497 1315 670 1368 arripuit
691 1315 798 1355 votis
814 1344 823 1361 ‚
854 1315 923 1354 ubi
944 1315 1072 1355 Roma
1101 1314 1256 1368 periclo

267 1384 355 1432 Jam
382 1386 550 1440 procul,
577 1386 620 1428 &
644 1387 739 1428 belli
770 1388 904 1427 medio
933 1387 1063 1428 Padus
1086 1387 1237 1427 arbiter
1253 1385 1347 1426 ibat.

268 1461 438 1516 Jamque
470 1470 743 1516 opportunam
767 1470 885 1504 motu
916 1462 1123 1518 strepuifl'e
1153 1462 1298 1503 rebelli

159 1640 224 1673 204
248 1629 358 1663 Hastae
375 1631 473 1666 MSS.
497 1632 591 1664 etiam
610 1632 678 1674 Cuj.

203 1691 246 1724 tit
271 1693 370 1726 MSS.
473 1701 541 1736 209
573 1703 678 1736 aquas
711 1694 786 1727 MS.

485 1754 596 1787 Barth.
617 1766 643 1787 ε.

205 1860 265 1899 ¹98
289 1855 341 1888 De
365 1855 490 1899 septem
506 1866 549 1888 an
567 1856 816 1889 novemTimavi

159 1901 262 1934 oribus
280 1900 408 1934 dicium
424 1901 466 1934 ad
483 1911 514 1943 7,
539 1911 609 1936 120.
726 1904 736 1907 ⁴

203 1954 267 1980 202
294 1945 347 1978 Ad
374 1949 527 1979 Veronam
547 1946 665 1990 praelio
685 1945 819 1990 supera-

157 1998 230 2023 tum
268 1989 364 2023 fuiss'e
392 1992 476 2024 dicit
508 1992 706 2031 Alaricum,
738 2003 817 2025 cum

159 2034 234 2080 post
268 2036 495 2069 Pollentinam
527 2036 659 2069 cladem
703 2036 815 2070 denuo

160 2091 253 2114 arma
277 2091 447 2114 moveret:
479 2082 630 2126 itemque
650 2082 691 2115 ad
709 2083 816 2124 Asiam

163 2124 296 2159 urbem.

208 2180 272 2211 205
317 2172 411 2204 Pac'ta
445 2183 587 2212 movere,
638 2182 707 2205 non
736 2171 819 2205 stare

160 2215 420 2250 conditionibus
442 2215 628 2260 dequibus
649 2218 821 2251 convenit.

206 2272 270 2304 207
296 2263 372 2294 Fata
396 2264 458 2295 Ioco
478 2265 619 2295 converti
647 2260 737 2306 posse
757 2274 820 2306 pu·

163 2305 256 2341 tabat
277 2307 454 2347 Alaricus,
476 2307 663 2340 feliciorem
673 2306 702 2339 se
724 2305 820 2340 futu-

162 2364 239 2398 ruux
261 2352 295 2385 in
324 2352 392 2386 illis
412 2350 565 2396 partibus
586 2352 676 2385 ultra
689 2353 820 2385 Padum

164 2397 323 2437 remotis,
346 2408 451 2440 quam
467 2396 578 2430 fuerat
595 2398 735 2441 propius
754 2399 821 2432 Ro-

166 2453 268 2476 mam.
338 2441 624 2476 Recordabunmr
652 2442 728 2482 hic,
758 2443 820 2486 qui

165 2487 294 2521 nostros
315 2487 356 2525 de
385 2488 550 2531 religione
568 2486 675 2520 libros
696 2496 822 2527 amant,

164 2532 370 2577 opinionum
389 2532 500 2566 Balaci
519 2533 624 2566 Num.
636 2541 687 2574 24,
707 2542 755 2574 23.
784 2532 821 2566 δε

162 2577 328 2621 Syrorum
349 2579 458 2622 3Reg.
477 2587 532 2617 207
544 2587 594 2619 23.

211 2631 277 2665 209
310 2623 448 2655 Ultrane
482 2621 677 2657 consuetum
707 2631 821 2656 exten-

165 2666 215 2702 dit
224 2668 341 2712 Jom'os
355 2669 482 2710 fluam,
505 2679 584 2702 cum
604 2679 639 2702 m
659 2668 822 2703 intimum

790 1640 854 1672 205
878 1640 980 1666 novat
999 1631 1131 1664 malebat
1148 1631 1263 1674 Heius.

1368 1529 1531 1574 Gaudet

1374 1637 1438 1670 207
1459 1626 1531 1663 sen-

898 1701 960 1726 212
994 1690 1221 1735 mediusvulg.
1244 1689 1374 1723 medius
1400 1687 1483 1722 belli

734 1762 788 1795 213
813 1751 961 1786 statuisse
989 1755 1059 1796 Bas.
1079 1764 1179 1796 nmrg.

871 1854 987 1889 Adriae
998 1854 1103 1888 smum
1114 1851 1366 1887 influatAthefis
1380 1865 1387 1884 z
1400 1862 1441 1885 an
1451 1850 1532 1886 hor-

872 1899 966 1934 ribili
977 1897 1405 1944 hype1·b.decoloratumait
1416 1907 1527 1932 totum

873 1957 964 1978 mare
993 1944 1209 1978 Adriaticum
1241 1955 1344 1987 quam
1382 1943 1525 1986 longum

871 1989 917 2024 est
937 2001 1044 2034 usque
1064 1989 1105 2022 ad
1117 1988 1309 2023 Calabriam
1323 1989 1357 2022 ὃς
1368 1988 1523 2032 Epirum,

870 2034 930 2070 ubi
950 2036 1088 2069 demum
1110 2034 1411 2078 incipitJonium'?
1433 2034 1531 2066 Neu-

871 2091 924 2115 tro
954 2091 1041 2124 opus
1068 2078 1132 2121 est,
1182 2081 1279 2123 Jouii
1302 2080 1416 2122 fluetus
1451 2077 1528 2111 sunt

865 2129 952 2168 finus
963 2127 1096 2170 Jom'us,
1118 2125 1245 2157 κόλπος
1256 2125 1366 2162 Ιόνιος,
1387 2135 1455 2167 quo
1467 2134 1529 2157 no-

873 2172 964 2205 mine
981 2170 1081 2204 etiam
1111 2169 1259 2204 historici
1286 2179 1375 2201 mare
1404 2168 1530 2202 Adria·

871 2217 979 2249 ticum
998 2215 1183 2260 appellant.
1227 2214 1308 2249 Vid.
1328 2213 1467 2247 Palmer.
1486 2213 1530 2247 ad

874 2261 983 2294 Thuc.
998 2271 1021 2300 ι,
1034 2271 1072 2301 24
1093 2271 1142 2304 pr.

919 2316 978 2340 210
1008 2306 1122 2339 Nimis
1149 2304 1236 2339 forte
1265 2303 1394 2338 bonum
1413 2304 1529 2338 virum

874 2351 932 2385 hic
971 2349 1137 2395 putabant
1186 2353 1321 2395 poetam
1362 2350 1526 2390 nostrum,

875 2398 1019 2440 quitum
1037 2406 1132 2428 erant
1144 2395 1258 2440 magni
1273 2394 1415 2439 politici.
1445 2396 1527 2428 Non

875 2439 1021 2475 debebat
1049 2443 1132 2474 votis
1157 2441 1314 2478 omnibus,
1346 2450 1434 2473 certe
1461 2450 1530 2472 non

877 2487 1022 2531 apertis,
1045 2489 1181 2530 arripere
1207 2487 1373 2530 perfidiam
1394 2484 1525 2518 Alarici

875 2530 1040 2572 Srilrcho3
1088 2531 1141 2565 sed
1169 2530 1386 2575 ingemiscere
1422 2529 1529 2563 infor-

875 2577 972 2610 tunio
993 2577 1086 2611 illius
1105 2577 1140 2610 ὅτ
1159 2575 1215 2610 suo
1229 2604 1238 2616 .,
1268 2576 1327 2620 qui
1353 2584 1532 2619 cogeretur

875 2622 1005 2655 invitus
1025 2624 1113 2657 eaede
1132 2622 1310 2655 hominum
1330 2633 1447 2670 pacem
1471 2631 1531 2666 pa-

873 2677 946 2702 rare
955 2665 1067 2703 ltaliae.
1090 2666 1144 2703 Cf.
1157 2669 1200 2702 ad
1212 2679 1242 2701 ν.
1255 2676 1327 2710 219.
