1696 2942
450 99 967 143 EPIGRAMMATA
1024 116 1129 145 xmv
1337 121 1411 161 705

103 199 1488 258 *ffiew-nb-ffi-ff-ff—-ffl-ss--ffl—*ess--ss-*ffffffffl

713 324 854 370 XCIII

351 432 466 463 xmu
517 420 616 464 DE
649 419 931 483 HIPP‘OP
946 426 982 469 0
999 426 1196 470 TAMO

156 490 391 587 Utraque
419 526 598 568 fecundo
643 529 825 569 nutritur
862 531 998 573 bellua
1025 533 1147 576 Nilo:

262 605 450 661 Quaeque
481 611 598 647 vorat
627 605 783 654 morsu,
819 619 991 664 quaeque
1022 611 1092 653 sub
1112 624 1184 652 ore
1211 609 1365 654 fremin

143 888 410 926 Protulerathoc
428 889 762 934 epigrammaHein-
818 891 996 934 tribuunt,
1057 902 1076 926 a
1115 902 1186 938 quo
1226 892 1315 928 forte
1353 894 1477 940 magIs,

99 937 186 979 fius,
221 937 256 970 in
286 944 367 969 nota
397 934 437 967 ad
461 945 492 968 n.
514 941 576 976 83:
610 934 701 968 unde
725 936 762 969 in
818 948 920 981 quaxn
952 948 969 972 a
989 936 1101 981 figura
1129 939 1306 984 corporis,
1348 951 1474 974 nomen

99 984 204 1017 altera
231 980 381 1015 editione
421 978 487 1012 huc
525 979 672 1012 relatum
705 981 761 1015 est.
817 983 963 1017 invenit.
1017 982 1163 1017 Videtur
1191 993 1302 1018 autem
1330 984 1474 1028 pulchre

99 1028 193 1075 Qid
213 1025 270 1059 fibi
294 1023 400 1057 velint
422 1023 546 1056 ultim-a
567 1022 684 1066 verba,
710 1026 762 1058 in·
816 1029 961 1072 exprimi
990 1027 1146 1062 hinnitus
1175 1027 1237 1063 hae
1267 1029 1474 1074 periphrasi:

97 1073 141 1106 de
163 1071 353 1115 intelligere
380 1067 465 1102 mihi
495 1067 636 1110 videor,
665 1070 760 1114 quod
816 1071 861 1106 est
882 1075 972 1107 enim
994 1073 1133 1118 spiritus
1152 1074 1321 1108 tremulus
1348 1086 1387 1108 ex
1401 1075 1473 1110 imo

98 1128 226 1152 veteres
260 1115 441 1158 scriptores
482 1114 665 1147 universim
706 1118 760 1149 ἰ’π-
816 1128 956 1162 gutture
972 1117 1131 1163 profusus
1159 1120 1194 1154 δι
1217 1129 1281 1165 per
1297 1130 1336 1155 os
1356 1130 1394 1156 ac
1413 1131 1474 1156 na·

95 1176 139 1200 m
159 1162 282 1204 φωνήν,
317 1160 502 1200 hinnitum,
534 1158 614 1194 huie
637 1158 760 1195 beuuae
814 1173 866 1198 res
886 1162 1056 1209 expulsus.

113 1300 1455 1337 mmmmm&

709 1425 849 1470 XCIV

146 1536 272 1566 mv
332 1523 527 1580 QUAE
551 1525 632 1568 IN
655 1522 912 1567 MENSA
946 1522 1044 1565 DE
1076 1522 1426 1581 SARDONY

536 1597 670 1640 CHE
716 1595 997 1639 LAPJDE

144 1667 344 1767 Mensa
369 1706 564 1748 coloratis
593 1706 740 1762 aquilae
775 1705 951 1747 finuatur
980 1705 1023 1746 in
1052 1704 1139 1753 alis,

200 1783 336 1833 Quam
366 1782 482 1825 floris
513 1784 726 1841 distinguit
753 1784 912 1826 honos:
951 1782 1169 1838 similisque
1194 1780 1327 1838 figura

197 1854 401 1899 Texitur:
431 1858 673 1915 implumem
695 1860 893 1903 mentitur
920 1870 1083 1914 gemma
1107 1856 1304 1899 volatum.

133 2245 262 2283 Eadem
283 2245 388 2292 hujus
413 2246 673 2293 epigrammatis
699 2257 753 2282 ra·
804 2248 943 2293 figuram
965 2244 1073 2288 dicit,
1109 2244 1269 2290 intelligo
1291 2251 1330 2278 ex
1350 2242 1466 2278 diver-

90 2292 144 2327 tio
172 2293 229 2327 est.
286 2293 436 2328 Videtur
467 2291 612 2327 describi
642 2292 753 2328 mensa
808 2291 848 2328 fis
869 2293 1012 2338 gemmis
1042 2301 1207 2337 tanquam
1233 2290 1363 2324 musmo
1382 2299 1465 2332 ope—

88 2336 179 2372 forte
209 2347 389 2385 argentea,
421 2349 496 2383 quae
521 2336 660 2373 haberet
681 2350 751 2372 em·
808 2349 843 2372 re
863 2337 1105 2383 compositam,
1127 2335 1384 2382 segmentatam,
1403 2331 1466 2368 tes-

89 2379 239 2418 blemata
268 2394 307 2418 ex
335 2382 561 2429 sardonyche,
586 2383 752 2428 aquilam,
804 2383 965 2422 sellatatn.

90 2425 232 2473 florem,
261 2429 366 2467 aliam
395 2440 503 2465 avem.
549 2429 656 2477 Qod
685 2429 751 2466 texi

921 2701 965 2747 Y
989 2715 1023 2760 y
1352 2693 1468 2741 XCV
