1696 2942
308 115 376 160 556

562 109 649 153 CL.
695 102 1087 153 CLAUDIANI·
1132 110 1298 155 XXXV

371 208 577 249 ·Dixerat.
631 207 706 248 Ille
727 220 838 248 novo
864 208 1114 249 madidantes
1146 207 1309 250 nectare
1332 200 1497 262 pennae·

334 280 548 327 Concutit,
576 278 618 320 &
641 279 781 333 glebas
813 278 994 319 fecundo
1021 282 1320 328 rore·1naritat‚
1418 273 1423 277 ⁸

217 368 272 407 90

337 356 509 408 Quaque
530 353 655 399 volat,
681 365 831 394 vernus
843 353 1021 410 sequitur
1047 354 1184 394 rubor.
1211 356 1346 395 omnis
1367 356 1409 395 in
1422 354 1575 395 herbas
1590 389 1598 396 .

331 430 494 484 Turget
525 429 697 476 humus,
727 430 946 484 medioque
978 436 1119 485 patent
1155 444 1342 471 convexa
1371 431 1540 472 sereno:

328 503 562 558 Sanguineo
585 504 798 558 splendore
825 504 956 553 rosas,
986 505 1171 545 vaccinia
1200 506 1320 560 nigro

327 578 486 625 Induit,
516 577 559 619 &
589 578 697 619 dulci
717 579 846 619 violas
875 578 1088 633 ferrugine
1118 580 1264 633 pingit.

328 652 515 693 Parthica
541 666 633 708 quae
670 654 797 694 tantis
830 655 1038 694 variantur
1069 654 1237 708 cingula
1270 654 1448 707 gemmis·

216 739 259 775 93
328 726 504 782 Regales
525 726 711 768 vinctura
730 726 873 768 finus?
909 741 1000 784 quae
1030 728 1183 768 venera
1220 731 1378 768 tantum

239 927 286 960 90
310 915 406 950 color
419 917 460 949 al.
484 913 593 949 rubor
614 915 710 947 etiam
729 916 800 960 Bas.
819 926 922 958 marg.

779 985 818 1020 93
844 975 972 1009 imbuit
1009 978 1086 1010 Ala.
1125 977 1158 1012 25
1197 978 1265 1019 Bas
1305 988 1406 1020 marg.
1446 977 1573 1009 Claver.

289 1041 409 1074 Induit
434 1042 529 1073 etiam
560 1040 688 1072 aliunde
718 1040 829 1081 adfert
859 1041 974 1085 Heius.

494 1105 586 1137 Vien.
611 1115 713 1147 marg.
739 1105 807 1147 Bas
819 1114 920 1148 marg.

237 981 299 1011 vito
340 978 480 1022 placebat
518 978 658 1018 Heinfio.

262 1236 303 1269 88
331 1233 462 1264 Novum
482 1230 606 1269 miffar,
636 1229 730 1272 quod
756 1227 872 1263 subin-

216 1276 258 1310 de
287 1276 443 1314 scaturit,
475 1287 533 1316 eo,
565 1275 659 1319 quod
691 1273 871 1308 adhaeserat

216 1322 311 1367 prius
325 1349 333 1361 ‚
364 1320 551 1353 consumto.

261 1373 304 1410 89
329 1368 488 1406 Maritat,
527 1364 720 1398 verecunda
742 1364 872 1409 phrasi,

215 1411 365 1444 maritali
406 1409 530 1444 semine
568 1409 740 1443 fecundat.
820 1411 873 1444 De

214 1457 387 1495 Favonio,
423 1455 485 1499 qui
513 1454 558 1488 est
588 1454 655 1499 ipse
677 1457 872 1500 Zephyrus,

213 1503 301 1535 Plin.
317 1501 364 1541 16,
378 1510 416 1540 25
429 1511 479 1545 pr.
524 1502 594 1534 Hoc
614 1503 810 1533 maritantur
820 1503 873 1534 vi-

212 1548 370 1590 vescentia
397 1555 526 1578 eterra.
572 1547 710 1588 1311324
739 1545 789 1588 s.7
831 1545 873 1578 de

211 1593 328 1636 palma
359 1602 449 1624 mare
493 1592 613 1632 Afflatu
650 1592 782 1634 visuque
810 1593 872 1635 ipfia

211 1638 246 1674 ἐς
259 1640 390 1680 pulvere
410 1638 502 1669 etiam
522 1638 657 1679 reliquas
669 1638 827 1670 maritare.

258 1693 306 1726 90
336 1685 458 1715 Vernus
479 1682 573 1714 rubor
593 1681 751 1714 vividum
761 1681 874 1715 omnis

215 1728 350 1772 generis
375 1738 411 1760 ac
431 1726 587 1759 lucidum
599 1726 749 1760 colorem
768 1735 873 1761 notat.

211 1773 290 1807 wid.
311 1784 387 1816 quae
407 1771 561 1805 diximus
579 1771 621 1804 ad
644 1782 696 1816 29,
710 1781 739 1813 7.

258 1829 292 1862 9¹
319 1821 465 1852 Covvexa
489 1815 598 1850 noster
616 1828 679 1861 pro
691 1817 772 1850 caelo
792 1815 873 1850 solet

210 1874 338 1909 ponere
360 1862 429 1895 fere
448 1870 626 1907 perpetuo.
650 1863 871 1904 V.G.5,454.

213 1911 306 1943 Patet
329 1917 442 1942 autem
460 1907 600 1947 caelum,
634 1918 712 1940 cum
731 1917 802 1941 non
825 1906 871 1941 est

211 1952 392 1986 obtextum
422 1953 475 1986 vel
500 1951 675 1986 obtechim
705 1951 870 1987 nubibus.

210 2000 310 2043 Virg.
341 1999 402 2032 Ae.
428 2009 450 2038 ι,
478 2007 535 2037 ¹55
586 2000 696 2031 caelum
725 2007 868 2041 apertum

211 2043 456 2088 interpret-atur
506 2046 652 2086 fierenum
718 2042 870 2077 Servius.

210 2091 407 2133 Utrumque
427 2087 544 2132 jungit
565 2088 694 2121 noster:
729 2088 765 2120 in
777 2089 871 2121 Hen-

210 2133 302 2168 nensl
321 2134 461 2178 regione
474 2160 482 2173 ,
509 2133 623 2176 inquit
637 2158 645 2172 ,
666 2141 778 2176 patent
797 2144 869 2166 con-

208 2192 288 2213 vexa
306 2180 377 2213 caeli
391 2206 400 2219 ‚
423 2187 462 2212 ut
481 2179 619 2211 medium
652 2178 689 2211 sit
711 2180 871 2220 streniam,

209 2236 288 2258 cum
313 2225 348 2258 in
377 2223 506 2257 vicinia
535 2222 664 2255 circum
694 2224 786 2256 circa
807 2234 871 2256 nu-

210 2269 313 2305 bibus
359 2269 474 2304 omnia
509 2267 744 2303 obscurentur.
790 2270 872 2301 Haec

210 2326 390 2359 utcunque
409 2314 606 2358 intelligere
627 2312 711 2346 mihi
730 2312 872 2346 videor:

208 2361 265 2395 sed
305 2359 414 2394 multo
451 2368 564 2392 tamen
595 2358 706 2403 magis
741 2357 871 2391 arridet

210 2406 300 2440 illud
345 2406 554 2448 madidoque:
596 2403 692 2447 quod
715 2412 869 2445 *acutum

211 2450 343 2485 merito'
364 2449 474 2483 visum
498 2448 545 2483 est
564 2448 712 2483 Heinsio.
759 2449 870 2483 Madi-

211 2499 287 2531 dnm
329 2498 497 2540 firenum,
538 2505 617 2527 cum
658 2493 742 2528 sudo
786 2493 869 2527 licet

211 2542 292 2576 eaelo
323 2550 435 2576 ttamen
463 2551 532 2574 non
559 2548 709 2573 marcent
733 2538 870 2580 viridia,

210 2587 275 2630 sed}
311 2597 330 2620 a
368 2585 506 2619 madore
541 2586 661 2630 vigent
697 2584 871 2628 olentque.

208 2632 265 2666 Sic
286 2633 399 2665 imbres
425 2634 553 2674 serenos
587 2642 605 2663 a
633 2630 720 2666 Nilo
747 2627 872 2664 tribuit

210 2678 373 2723 Aegypto
396 2675 508 2711 nester
524 2685 579 2720 47,
598 2685 628 2716 5.

1429 801 1595 842 Ditibus

1013 925 1050 959 91
1077 913 1286 959 madidoque
1305 916 1381 949 MS.
1415 914 1495 957 quod
1513 924 1580 946 me·

1074 1051 1116 1085 94
1140 1051 1196 1085 pro
1220 1040 1385 1085 gemmis,
1409 1038 1510 1074 donis

1013 1113 1055 1148 95
1078 1104 1241 1147 junci-ura
1257 1105 1299 1138 al.

974 1239 1016 1274 92
1049 1231 1264 1274 Sanguineum
1293 1229 1495 1273 splendorem
1530 1228 1593 1261 'in-

929 1275 1150 1320 telligamus,
1193 1286 1261 1308 non
1290 1274 1381 1308 effusi
1417 1273 1593 1318 sanguinis

928 1319 949 1353 s.
977 1320 1108 1353 cruoris
1146 1320 1314 1361 colorem,
1354 1319 1406 1353 sed
1429 1318 1492 1352 fusi
1531 1328 1592 1364 per

929 1376 1033 1410 genas
1063 1365 1244 1409 puellares,

974 1420 1012 1454 93
1044 1411 1153 1443 Violas
1193 1411 1312 1454 itaque
1356 1420 1426 1444 non
1463 1410 1593 1452 minus,

929 1466 1033 1500 quam
1075 1456 1218 1499 Virgilii
1254 1457 1438 1496 hyacinthos
1467 1456 1530 1489 Ge.
1559 1465 1593 1497 4,

931 1507 983 1541 183
1010 1502 1215 1544 ferrugineas
1245 1501 1323 1533 licet
1352 1501 1486 1534 dicere:
1520 1510 1592 1539 non

930 1544 1115 1590 ferruginis
1136 1546 1237 1579 illum
1253 1557 1293 1579 ex
1317 1546 1418 1589 nigro
1447 1543 1592 1579 robeum

931 1590 1079 1625 colorem
1108 1590 1290 1631 habentes,
1321 1590 1377 1624 sed
1395 1589 1476 1624 ferri
1500 1589 1592 1634 poli-

930 1637 955 1669 ti
970 1662 978 1674 ,
1001 1636 1036 1670 &
1057 1647 1074 1669 a
1092 1637 1184 1670 lento
1203 1637 1314 1670 calore
1333 1636 1511 1680 temperati
1528 1646 1590 1668 cae-

931 1681 1081 1714 ruleum.
1129 1683 1220 1715 Non.
1247 1681 1299 1722 16,
1320 1691 1338 1724 7
1374 1685 1453 1715 Vere
1477 1682 1590 1723 ferru-

928 1728 1040 1770 gineus
1077 1729 1159 1760 color
1186 1729 1335 1760 caerulens
1355 1727 1405 1767 eft.
1461 1726 1515 1760 Sic
1536 1725 1589 1758 in—

931 1771 982 1804 fra
1002 1776 1064 1812 275⁷
1083 1773 1292 1816 ferrugineus
1322 1771 1481 1805 Plutonis
1508 1771 1590 1805 ami-

931 1818 996 1850 elus
1017 1817 1074 1849 est.

975 1871 1019 1906 94
1053 1863 1190 1905 Cingula
1225 1862 1310 1894 bacis
1345 1863 1454 1906 aspera
1483 1861 1589 1895 etiam

930 1906 986 1940 hic
1009 1907 1158 1941 vidimus
1177 1916 1226 1947 22,
1249 1913 1301 1945 88.
1349 1908 1414 1941 Sed
1447 1906 1488 1940 de
1509 1909 1591 1940 Par·
1641 1910 1644 1913 '

928 1952 1067 1985 thorum
1087 1951 1110 1985 s.
1131 1951 1305 1986 Persarum
1327 1952 1506 1997 gemmatis
1516 1952 1591 1986 cin-

928 1997 1018 2041 gulis
1050 1997 1190 2042 insignis
1227 1998 1324 2030 locus
1363 1996 1409 2030 est
1441 1997 1588 2031 Tertull.

926 2042 969 2076 de
996 2041 1117 2076 habitu
1139 2041 1299 2076 muliebri
1325 2054 1354 2077 c.
1376 2052 1395 2085 7
1418 2043 1461 2076 ad
1480 2053 1584 2086 quem

930 2088 1038 2122 multa
1059 2088 1370 2132 collegitLacerda.
1417 2088 1527 2121 Etiam
1550 2088 1590 2121 in

916 2144 1096 2177 equorum
1118 2133 1224 2167 Zonis
1247 2132 1266 2166 s.
1290 2133 1440 2178 cingulis
1460 2142 1589 2178 quanta

926 2178 1031 2212 fuerit
1051 2178 1229 2219 luxuries,
1253 2187 1395 2223 apparet
1420 2189 1460 2211 ex
1481 2178 1587 2212 nostri

927 2223 1188 2268 epigrammatis
1213 2249 1222 2264 ‚
1288 2234 1364 2267 quae
1415 2222 1588 2257 habentui·

928 2278 961 2301 n.
982 2277 1037 2310 70.
1058 2277 1104 2310 71.
1123 2277 1171 2310 73.
1225 2312 1232 2318 ,

972 2323 1016 2357 95·
1040 2315 1135 2347 Sinus
1151 2311 1308 2353 vestium,
1329 2312 1464 2347 &stolae
1478 2313 1587 2347 fluen-

927 2358 972 2391 tis
1019 2357 1202 2403 praesertim
1250 2358 1417 2403 intelligo.
1510 2361 1586 2393 Hos

926 2402 1019 2436 enim
1055 2403 1155 2436 efficit
1181 2403 1324 2437 cincius.
1388 2404 1481 2437 Hine
1510 2406 1586 2439 Cic.

925 2447 968 2481 ad
989 2449 1142 2495 QFrat.
1163 2458 1194 2490 2,
1216 2459 1245 2491 13
1258 2460 1308 2493 pr.
1353 2451 1453 2488 Mihi,
1486 2451 1585 2489 crede,

925 2495 962 2526 in
982 2497 1054 2536 finu
1080 2494 1140 2535 est,
1191 2506 1289 2538 ‘neque
1316 2507 1371 2539 ego
1414 2496 1584 2538 discingon

928 2549 1051 2583 nempe
1082 2548 1121 2571 ut
1154 2539 1309 2572 excidere
1346 2540 1442 2584 possit
1472 2538 1584 2573 facile.

927 2583 1123 2628 Disputavi·
1133 2583 1195 2619 hac
1209 2585 1250 2619 de
1262 2595 1296 2619 re
1308 2585 1350 2620 ad
1360 2585 1529 2632 Qinffil.
1541 2594 1585 2626 ιι,

927 2638 955 2672 3.
968 2639 1061 2674 §.¹40-
