1696 2942
225 119 298 166 678
496 110 589 154 CL.
643 108 1031 156 CLAUDIANI
1091 107 1206 152 LIX

157 212 218 255 41-
227 206 641 254 *4-111-*4*
652 207 850 247 eit-4*
863 206 897 240 *s
908 192 1527 253 ΜΗΗὴα-ἣ·

765 290 909 334 LVIII
955 307 964 310 -

526 380 640 409 v111
697 365 742 408 D
762 364 805 406 E
858 364 902 407 E
923 363 1015 406 OD
1034 364 1154 409 EM

210 424 405 524 Solibus
437 458 684 498 indomitum
715 455 868 511 glacies
896 455 1049 510 Alpina
1077 457 1258 511 rigorem

321 535 514 577 Sumebat
543 535 673 574 nimio
704 538 781 584 jam
808 532 984 588 pretiosa
1011 533 1119 587 gelu.

269 612 359 655 Nec
387 611 525 665 potuit
559 617 651 651 toto
681 610 847 650 mentiri
886 622 1057 663 corpore
1090 620 1319 663 gemmam&

328 681 408 724 Sed
442 682 580 722 medio
620 680 763 722 mansit
790 681 976 736 proditor
1005 681 1102 722 orbe
1135 681 1264 724 latex.

157 771 182 811 ς
270 756 431 800 Αυᾶηε
453 757 608 806 honos,
637 757 784 812 liquidi
817 756 1001 797 crescunt
1027 756 1220 797 miracula
1248 754 1348 807 saxi,¹

333 833 387 874 Et
408 831 659 873 conservatae
692 833 785 886 plus
814 831 1016 872 meruistis
1044 844 1175 887 aquae.

767 929 805 966 -ΞῘΕ
833 928 870 966 ἓξ
899 930 934 964 >k

215 1035 236 1065 4
278 1023 384 1056 Medio
414 1023 503 1060 orbe,
549 1019 672 1061 massa,
713 1020 838 1064 globo.-
894 1022 1008 1054 utilius
1044 1021 1079 1054 id
1105 1021 1179 1064 fieri
1205 1029 1336 1064 putare,
1367 1031 1462 1065 quam
1481 1032 1550 1063 cry·-

170 1067 297 1102 solebat
317 1069 353 1101 in
374 1067 459 1111 pilas
484 1066 625 1099 formari
650 1066 837 1110 crystallus.
884 1067 1019 1108 stalliua
1061 1068 1131 1111 pila
1171 1069 1307 1109 adveifis
1333 1069 1433 1111 pofita
1470 1069 1551 1101 Solis

171 1115 260 1147 Plin.
272 1123 320 1154 37,
344 1113 364 1145 6
419 1113 552 1145 Invenio
580 1112 736 1151 medicos,
767 1122 837 1153 quae
892 1113 1004 1146 radiis.

166 1161 247 1204 sunt
273 1159 391 1191 urenda
417 1167 599 1200 corporum,
652 1167 716 1189 non
742 1157 837 1189 aliter

1235 1268 1558 1297 WRMW

803 1351 925 1394 LIX

587 1444 639 1472 1x
694 1429 806 1476 DE
859 1427 1165 1471 EODEM

241 1488 475 1585 Adspice
506 1519 737 1576 porrectam
765 1519 993 1576 splendenti
1020 1518 1224 1574 fragmine
1253 1519 1414 1570 venamj

348 1599 439 1649 Qua
464 1599 640 1640 trahitur
669 1600 789 1640 limes
822 1599 1024 1641 lucidiore
1050 1597 1159 1652 gelu.

296 1673 375 1716 Hic
409 1672 569 1712 nullum
603 1673 800 1718 Boream,
828 1685 906 1713 nec
943 1671 1130 1711 brumam
1161 1669 1281 1709 sentit
1302 1680 1457 1722 opacus

357 1743 541 1791 Humor,
569 1744 636 1785 sed
674 1745 805 1785 varias
838 1746 953 1798 itque
979 1742 1169 1796 reditque
1202 1741 1303 1781 vias.

187 1831 211 1873 5
301 1819 400 1864 Non
430 1820 549 1861 illum
580 1821 823 1863 constrinxit
841 1820 999 1868 hiems,
1026 1831 1110 1859 non
1137 1815 1266 1858 Sirius
1284 1814 1455 1856 ardens:

359 1893 522 1940 Aetatis
550 1895 724 1951 spatium
754 1909 840 1938 non
871 1894 1060 1935 tenuavit
1086 1892 1206 1933 edax.

801 1975 961 2024 winie-

590 2072 612 2106 5
635 2064 706 2098 axis
725 2065 817 2108 vulg.
841 2062 964 2097 ardens
981 2061 1076 2096 etiam
1103 2059 1175 2104 Cuj.

242 2184 256 2209 1
282 2174 434 2218 fragmen
448 2176 619 2219 splendens
646 2174 693 2208 est
711 2175 782 2221 ipsa
800 2175 860 2209 illa
917 2175 953 2208 in
973 2172 1152 2218 crystallo,
1184 2171 1244 2205 nisi
1272 2181 1396 2205 cavum
1416 2171 1577 2215 aliquan-

198 2219 306 2252 moles
328 2220 381 2253 vel
411 2219 514 2254 massa
543 2219 759 2264 crystallina,
784 2231 858 2264 quae
917 2228 952 2253 to
989 2220 1099 2260 majus
1147 2215 1262 2250 fuisset
1280 2243 1289 2257 ‚
1345 2216 1381 2249 in
1410 2228 1480 2260 quo
1516 2217 1577 2250 ille

196 2263 343 2297 frustum
378 2275 439 2299 aut
464 2263 700 2309 fragmentum
736 2265 859 2310 glaciei
916 2262 1101 2302 movendi,
1137 2262 1204 2295 huc
1229 2262 1312 2295 illuc
1342 2261 1471 2295 fluendi
1501 2260 1574 2306 spa-

197 2307 322 2343 refert:
362 2310 400 2343 in
434 2310 499 2344 hoc
534 2308 727 2354 fragmine,
776 2321 858 2342 vena
915 2309 1005 2342 tium
1025 2307 1176 2340 haberet.

195 2356 341 2399 poi-rebla
357 2353 423 2396 est,
447 2367 513 2399 qua
536 2355 718 2389 lucidioris
737 2353 858 2400 glaciei
959 2361 979 2392 5
1003 2353 1106 2386 Sirius
1125 2352 1191 2384 axis
1220 2351 1312 2396 apud
1337 2351 1574 2386 Claudianum

199 2398 255 2432 via
276 2399 424 2433 ducitur.
476 2404 564 2435 Vena
586 2402 727 2444 porrec't‘a
755 2400 789 2433 δε
819 2399 859 2431 li-
913 2408 983 2431 non
1003 2396 1177 2441 displicet,
1211 2408 1313 2440 quem
1336 2397 1401 2430 hoc
1431 2396 1573 2430 nomine

201 2454 267 2478 mes
293 2445 349 2487 qui
375 2446 537 2486 trahitur,
569 2445 688 2479 eadem
717 2455 768 2478 res
800 2442 857 2484 est,
914 2443 955 2476 de
989 2442 1129 2485 singulis
1158 2442 1259 2474 etiam
1285 2441 1388 2475 stellis
1416 2441 1467 2475 uti
1491 2440 1579 2474 alias

203 2488 342 2523 diversis
387 2490 491 2524 modo
527 2490 587 2525 sub
650 2488 859 2534 imaginibus
915 2486 1134 2522 observarim.
1161 2486 1419 2529 Vid.ad34‚35.

204 2532 343 2568 ostensa.
387 2538 425 2569 In
449 2535 596 2581 crystalli
616 2535 722 2570 frusto
750 2532 861 2569 obser·
961 2533 982 2566 6
1007 2535 1097 2566 Cum
1126 2531 1193 2564 a'e'ri
1229 2531 1413 2565 inaccessus
1443 2531 1481 2565 fit
1511 2529 1577 2565 hu-

204 2587 314 2611 vatur
340 2592 423 2614 vena
451 2583 607 2626 quaedam
634 2580 794 2615 lucidior.
917 2589 991 2612 mor
1011 2576 1173 2617 inclusus,
1199 2588 1260 2610 nec
1279 2578 1389 2610 minui
1412 2575 1580 2610 abraden-

248 2634 269 2665 4
301 2622 437 2671 Nempe
463 2638 506 2661 ne
541 2626 689 2670 intelligi
720 2624 862 2670 quidem
918 2623 985 2665 do,
1014 2633 1077 2656 nec
1104 2620 1330 2658 admiscendis
1362 2622 1484 2658 alienis
1503 2631 1579 2656 cor-

206 2676 355 2716 pomm,
376 2669 555 2709 humorem
567 2670 744 2721 liquidum
763 2668 866 2706 inesse
917 2668 1034 2715 rumpi
1063 2667 1203 2715 poterit,
1503 2708 1579 2755 LX
