1696 2942
285 101 366 147 446

547 94 638 138 CL.
689 91 1077 137 CLAUDIANI
1112 94 1302 141 XXVHI
1534 105 1541 128 a

206 189 1504 238 W-t-rest—ffi-z-at—wffl—m-Q.
1444 234 1454 238 ,
1506 196 1572 238 -rt-

782 277 972 324 xxvm

430 375 574 434 CL.
651 375 1338 438 CLAUDIANI

613 509 676 537 DE
706 509 856 538 SEXTO
895 510 1201 539 CONSULATU-

204 591 859 665 HONORII

955 583 1572 663 AUGUSTI

675 749 1100 794 PANEGYRIS

275 828 475 944 Aurea
505 849 700 891 Portunae
732 850 890 891 Reduci
918 849 947 890 fi
977 851 1132 905 templa
1164 852 1324 906 priores

406 929 469 970 Ob
490 928 670 968 reditum
688 941 840 968 vovere
861 928 1028 976 ducum,
1059 942 1159 969 num
1183 929 1350 983 dignius
1378 940 1571 983 umquam

308 1002 407 1046 Haec
436 1002 524 1043 Dea
544 1014 617 1055 pro
645 1003 802 1043 meritis
823 1002 975 1056 amplas
999 998 1070 1041 fibi
1091 1002 1276 1056 posceret
1295 1003 1419 1048 aedes,

309 1076 444 1124 Quam
468 1074 535 1114 sua
556 1086 650 1114 cum
676 1075 828 1128 pariter
849 1074 998 1114 trabeis
1030 1082 1239 1127 reparatur
1266 1073 1308 1115 &
1325 1073 1429 1115 Urbi

196 1160 218 1198 ς
313 1146 531 1201 Maje'stas?
559 1131 642 1186 nec¹
655 1149 767 1188 enim
786 1160 952 1201 campus
984 1145 1177 1187 sollennis
1199 1146 1240 1188 &
1260 1159 1365 1187 urna

304 1222 479 1264 Luditur
500 1222 545 1262 in
559 1235 742 1263 morem:
771 1221 926 1277 species
946 1235 1024 1262 nec
1048 1220 1201 1263 difl'ona
1222 1227 1350 1269 coetu,

196 1407 214 1433 2
238 1405 301 1442 pro
329 1392 442 1427 reditu
486 1393 561 1426 MS.
608 1402 678 1428 non
705 1393 795 1437 vulg.
835 1402 927 1426 nunc
955 1393 1031 1427 MS.

1484 1293 1571 1335 Aut

1165 1402 1180 1433 3
1212 1389 1323 1424 Latias
1341 1410 1356 1417 -
1376 1398 1466 1423 arces
1493 1390 1570 1423 MS.

193 1465 216 1499 4
235 1436 409 1497 repsstatur
426 1450 536 1493 primae
555 1449 645 1481 editt.
670 1457 846 1492 reparetur
863 1448 977 1491 Heius
999 1460 1034 1481 ex
1051 1456 1068 1480 2
1093 1448 1194 1481 MSS.
1226 1454 1403 1490 reparatur
1430 1444 1569 1483 Vien&

237 1511 307 1553 Bas]
332 1519 434 1550 marg.
476 1507 599 1538 Claver.
638 1504 672 1540 ἔθ’
706 1506 805 1537 MSS.
845 1504 980 1547 plurimi
1024 1504 1204 1546 optimique.

1304 1511 1323 1542 5
1346 1502 1458 1547 campi
1489 1503 1524 1540 θ’

453 1559 652 1601 ῑιῑηιεᾼεοηχ
679 1559 761 1591 Scul.
801 1566 922 1602 recepta
939 1569 959 1590 ιι
975 1557 1084 1590 Barth.
1111 1566 1234 1601 eampo
1252 1556 1327 1590 MS.

235 1661 252 1677 ⁴*
275 1658 400 1692 Incidit
427 1655 483 1689 hic
503 1653 708 1688 Consulatus
742 1653 777 1687 in
805 1653 850 1687 A.

189 1706 232 1739 C.
252 1715 318 1746 404
352 1700 462 1745 gestus
483 1701 518 1732 in
536 1699 746 1738 Occidente,
769 1710 850 1732 cum

190 1743 378 1785 Orientalis
425 1744 541 1780 consul
581 1742 660 1778 esset
710 1743 850 1777 Aristae-

188 1806 303 1830 netus.

234 1852 246 1874 1
271 1841 418 1872 Fortunae
443 1836 549 1870 reduci
568 1835 695 1877 Caefiiris
714 1834 849 1879 Augusti

192 1895 284 1918 aram
311 1881 484 1916 dedic-avit
511 1881 546 1913 S.
566 1881 599 1913 P.
621 1881 668 1925 Q
684 1881 723 1912 R.
748 1881 847 1921 cujus

191 1931 308 1973 imago
340 1928 375 1961 in
398 1925 534 1960 duobus
563 1925 716 1958 nummis
737 1921 848 1957 aureis

190 1974 283 2026 apud
303 1971 437 2007 Motell.
461 1970 570 2003 tabu
599 1982 651 2003 n.i
674 1969 709 2003 ἅ
729 1979 759 2010 2,
783 1967 845 2002 ubi

189 2020 262 2054 vid.
282 2015 446 2060 Schlegel.
477 2016 511 2049 ἃ
542 2026 627 2058 quos
646 2014 763 2048 laudat
783 2015 846 2047 Fa-

189 2066 274 2100 bric.
298 2063 340 2096 ad
353 2063 502 2095 Dionem
526 2069 628 2099 5510
652 2065 752 2099 n.‹)8‚
786 2059 846 2103 qui

188 2110 297 2150 τύχην
321 2111 532 2148 ἐπαναγωγον
555 2115 665 2138 vocat.
710 2106 846 2148 Nempe

189 2156 302 2189 Redux
330 2154 364 2187 in
394 2152 456 2185 hac
483 2150 630 2184 formula
651 2147 695 2182 est
714 2150 772 2193 qui
793 2159 844 2181 re-

188 2200 298 2235 ducit.
357 2199 521 2241 Templum
557 2195 758 2229 Domitiano
786 2193 846 2227 da-

188 2242 265 2280 rum
286 2241 432 2278 celebrat
454 2240 623 2275 Martialis
645 2246 677 2279 8„
690 2239 743 2278 65.

233 2301 253 2333 4
282 2291 410 2323 Trabeis
432 2283 665 2321 consularibus
685 2293 849 2328 reparatur

188 2334 248 2369 sua
269 2334 419 2377 majest-as
432 2361 440 2373 ,
465 2331 558 2376 quod
577 2329 711 2375 suscipit
731 2328 850 2363 consu-

189 2381 300 2414 latum
321 2379 519 2413 Honorius:
542 2377 634 2416 urbi,
658 2374 752 2418 quod
762 2385 847 2419 prae-

188 2425 263 2459 sens
277 2453 285 2465 ,
311 2425 456 2468 antiquo
476 2423 544 2456 ritu
568 2420 712 2464 suscipit.

234 2480 253 2511 5
279 2469 453 2514 Respicere
472 2468 610 2501 videtur
630 2465 673 2498 ad
691 2462 845 2498 acerbam

189 2515 287 2549 illam
307 2514 433 2548 Lucani
457 2513 628 2557 querelam
647 2510 690 2544 de
708 2508 846 2544 caesaris

186 2560 362 2600 comitiis,
394 2568 496 2603 5‚392
563 2558 675 2600 Fingit
693 2557 847 2599 solemnia

190 2617 327 2648 campus,
352 2607 394 2638 Et
412 2616 476 2638 non
488 2604 624 2644 admiffae
640 2601 846 2643 dirimitsuf-

186 2652 302 2696 fragia
323 2650 445 2696 plebis„
475 2651 698 2692 Decantatque
730 2645 843 2692 tribue,

906 1654 940 1691 ζῇ*
958 1666 1044 1687 vana
1071 1656 1177 1696 versat
1206 1654 1241 1686 in
1259 1665 1350 1687 urna.
1419 1652 1569 1688 Simula-

906 1709 962 1732 cra
993 1699 1248 1742 qualiacunque
1278 1697 1449 1732 interdum
1479 1700 1567 1732 lude-

905 1746 981 1776 bant
1012 1744 1128 1787 potius
1156 1754 1258 1787 quam
1289 1742 1436 1787 agebant
1463 1743 1565 1788 prisci

904 1789 1012 1821 ritus:
1055 1789 1090 1821 in
1118 1787 1169 1820 his
1196 1800 1277 1821 urna
1305 1787 1480 1829 adhibita,
1528 1789 1566 1823 in

905 1844 1008 1876 quam
1029 1833 1186 1874 conjessae
1207 1842 1302 1866 erant
1323 1832 1476 1867 tribuum
1496 1832 1564 1868 sor-

905 1887 952 1911 tes
972 1878 992 1912 s.
1012 1879 1170 1918 nomina,
1194 1889 1233 1911 ur
1255 1878 1332 1910 inde
1362 1879 1565 1912 educeretur

904 1924 1131 1967 praerogativa
1143 1949 1152 1964 ‚
1177 1924 1275 1966 cujus
1293 1922 1495 1968 suffragium
1508 1922 1566 1959 ,fe-

904 1978 939 2001 re
975 1967 1067 2012 sequi
1095 1966 1245 2012 solebant
1281 1968 1432 2012 reliquae.
1486 1969 1560 2003 Alii

904 2013 1078 2058 principes
1116 2024 1158 2046 ne
1199 2012 1260 2047 hos
1288 2014 1429 2057 quidem
1461 2014 1564 2048 ludos

902 2067 1057 2101 poterant
1099 2059 1244 2103 perpeti.
1311 2060 1461 2093 Laudem
1494 2070 1565 2093 ma-

903 2114 1005 2147 gnam
1035 2102 1094 2137 suo
1127 2105 1277 2146 Traiano
1307 2114 1346 2137 ex
1373 2116 1413 2137 eo
1433 2104 1561 2138 arcessit

900 2149 1052 2189 Plinius,
1074 2149 1167 2192 quod
1192 2148 1301 2193 prisco
1322 2160 1414 2182 more
1432 2149 1462 2183 se
1481 2161 1563 2183 con-

899 2192 1003 2226 sulein
1039 2193 1225 2237 defignari,
1277 2193 1439 2238 adigique
1471 2193 1557 2229 adeo

904 2240 978 2281 jure
998 2239 1142 2281 jurando
1162 2236 1276 2283 passus
1286 2237 1342 2272 est.
1375 2239 1454 2274 Vid.
1475 2242 1557 2274 Pan.

907 2283 946 2325 63
961 2283 996 2317 &
1019 2283 1076 2326 64.

950 2328 970 2361 6
1005 2328 1125 2372 Species
1161 2328 1196 2362 ἃ
1224 2327 1363 2363 habitus
1397 2339 1559 2364 externus

904 2373 1083 2407 hominum
1145 2384 1214 2406 non
1261 2373 1466 2408 abhorrebat
1515 2374 1559 2409 ab

903 2429 940 2451 ea
961 2429 1017 2460 re,
1057 2429 1132 2462 quae
1163 2417 1364 2462 gerebatur.-
1398 2431 1466 2454 non
1487 2429 1563 2455 erat

899 2465 1066 2508 peregrina
1093 2462 1138 2496 ob
1157 2463 1313 2497 habitum
1334 2465 1368 2498 ἃ
1398 2464 1556 2499 vestitum

902 2510 1018 2553 imago
1041 2509 1127 2551 juris
1145 2509 1239 2553 quod
1258 2509 1472 2543 fimularetur
1489 2512 1558 2544 Ro-

902 2554 1015 2587 mani:
1048 2552 1172 2594 verbo,
1207 2555 1315 2598 togati
1337 2553 1558 2588 versabantur

900 2599 938 2634 in
955 2610 1088 2646 campo,
1111 2609 1175 2645 pro
1194 2599 1330 2642 rostris,
1353 2600 1391 2635 in
1413 2600 1555 2646 palatio.
