1696 2942
277 111 344 159 658

568 105 656 148 CL.
684 104 1070 163 CLAUD1AN1
1108 106 1246 149 XLIX

194 215 219 255 5
309 204 364 246 Et
383 202 430 244 fit
447 204 558 245 nulla
577 214 746 249 mamm,
775 203 893 256 cujus
916 216 1000 243 non
1029 204 1182 258 pollice
1205 203 1338 247 duCtae

360 276 581 318 Testentur
601 289 805 315 memores
838 276 1026 330 prospera
1044 284 1141 318 vota
1166 285 1303 326 notae3

303 352 452 394 Nonne
473 363 568 390 reus
602 348 724 390 Mufis
758 341 910 404 pariter
929 350 1213 406 Nymphisque
1232 352 1419 402 tenebor,

358 422 402 464 Si
431 423 581 462 tacitus
619 422 692 463 soli
732 430 977 477 praetereare
1007 422 1145 464 mihi?

306 496 513 539 Indietum
546 511 679 553 neque
705 499 817 538 enim
847 497 909 538 fas
931 498 989 539 est
1013 489 1266 554 tacitumque
1285 501 1460 557 relinqui

193 582 238 610 ιθ
359 571 480 612 Hunc
504 573 574 626 qui
593 578 657 612 tot
686 571 850 626 populis
877 571 1065 626 pervolat
1095 585 1166 612 ora
1187 572 1339 615 locum.

303 645 403 688 Alto
426 646 533 686 colle
556 647 712 694 minor,
751 647 884 701 planis
905 645 1081 688 erefflor
1111 647 1238 694 arvis,

360 721 592 777 Conspicuo
623 723 755 764 clivus
792 723 973 764 molliter
1021 722 1120 763 orbe
1151 729 1298 763 tumet.

305 799 504 841 Ardentis
530 798 730 839 fecundus
750 812 878 854 aquae,
908 811 1164 853 quacumque
1187 810 1382 839 cavernas

358 872 564 920 perforat,
604 872 758 913 offenso
790 873 969 913 truditur
994 874 1113 927 igne,
1142 872 1266 912 latex.

189 954 231 995 ις
295 941 430 999 Spirat
450 951 568 998 putre
598 944 750 990 solum,
781 944 1050 998 conclusaque
1069 944 1206 985 subter
1227 943 1378 984 anhelo

354 1016 522 1058 Pumice
542 1017 710 1057 rimosas
729 1017 911 1070 perforat
942 1018 1053 1058 unda
1081 1018 1183 1058 vias.

212 1186 235 1221 6
248 1194 378 1220 veteres
391 1187 467 1222 MS.

559 1196 578 1229 7
603 1186 749 1222 videbor
767 1189 868 1222 MSS.

1394 1088 1572 1132 Humida

958 1197 979 1232 9
1003 1185 1196 1222 ludibrium
1214 1189 1301 1233 quid
1323 1188 1413 1221 enim
1435 1185 1484 1218 fas
1505 1184 1553 1218 est

210 1250 231 1272 a
252 1248 328 1273 vate
347 1238 499 1282 relinqui
519 1240 595 1273 Ala.
618 1240 651 1276 Μ
682 1242 783 1274 multi
808 1241 908 1274 MSS.
932 1241 1024 1273 Hinc
1041 1239 1114 1273 lud.
1136 1240 1173 1273 sit
1194 1241 1284 1274 enim
1305 1252 1365 1273 nec
1386 1238 1435 1272 fas
1453 1249 1513 1271 av.
1524 1245 1554 1270 r.

211 1294 295 1336 conj.
316 1294 431 1337 Heius:

521 1303 563 1327 ιο
588 1304 756 1338 provocat
768 1298 858 1329 Cla-v.
882 1295 1106 1338 Raph.Barth.
1133 1296 1329 1331 &convenit
1348 1306 1415 1334 cum
1436 1291 1552 1338 plebe-

209 1345 264 1389 jus
282 1356 355 1388 v.4.
380 1344 522 1389 populis
543 1355 709 1390 provocat
741 1358 799 1381 ore
828 1346 925 1390 loqui
966 1348 1060 1380 Vien.
1081 1349 1150 1391 Bafi
1176 1349 1280 1393 Junt.
1308 1346 1464 1392 provolat
1492 1356 1554 1379 ore

207 1399 324 1434 locum
346 1400 423 1433 ΑΜ.
448 1395 530 1432 orbe
550 1401 649 1433 MSS.

209 1514 247 1549 14
269 1502 419 1550 proferat
455 1503 547 1535 Vien.

743 1409 772 1434 ιι
795 1410 851 1444 pro
878 1399 1004 1443 planis,
1030 1400 1147 1444 parvis
1166 1403 1257 1443 vulg.

211 1453 326 1496 Heius.
355 1462 449 1494 qumn
472 1451 606 1492 firmant
637 1453 738 1485 MSS.
771 1451 900 1495 patulis
932 1451 1012 1493 conj.
1041 1453 1156 1492 Heinfi
1250 1461 1287 1485 12

639 1504 675 1536 16
700 1502 834 1536 limosas
845 1504 994 1546 Heivzfii.
1020 1504 1083 1536 Pro
1101 1501 1271 1546 perforat,
1295 1501 1542 1546 pert'urithvel

1297 1399 1409 1444 planis
1438 1411 1453 1432 e
1470 1399 1552 1441 conj.

1322 1451 1422 1483 clinis
1450 1452 1551 1485 MSS,

341 1554 469 1600 perluit
499 1555 580 1597 conj.
601 1555 718 1599 Heius.
742 1552 880 1587 limosas
900 1551 1055 1598 personat
1084 1553 1167 1595 conj.
1199 1555 1322 1594 Crufius
1347 1553 1369 1585 l.
1390 1564 1421 1585 c.

234 1664 257 1699 6
282 1667 438 1698 Μεηιοτες
455 1672 558 1703 nom,
589 1663 851 1708 metonymico5‚

190 1721 266 1754 quae
296 1710 495 1742 memoriam
526 1707 678 1748 servant,
720 1719 758 1741 ut
786 1721 852 1741 me-

189 1768 288 1789 mores
302 1755 400 1797 fastos
419 1755 504 1787 Hor.
524 1755 601 1787 Car.
614 1763 641 1794 3,
656 1763 738 1795 ¹7-4-
769 1757 851 1787 Vota

188 1804 333 1845 prospera
348 1827 356 1840 ,
386 1811 460 1843 quae
489 1809 560 1831 rata
580 1798 700 1831 habuit
720 1798 827 1831 Deus.

237 1856 277 1879 10
300 1847 454 1888 Populum
473 1844 606 1887 accipio
623 1843 736 1887 ampla
750 1843 849 1887 signi-

191 1890 371 1930 sic-atione,
413 1899 449 1922 ut
495 1889 663 1933 populum
711 1900 847 1921 omnem

189 1936 404 1976 Romanum,
450 1944 540 1968 certe
568 1934 726 1966 Italicum
755 1945 845 1966 com-

189 1979 389 2023 prehendat.
434 1979 578 2023 Alioqui
608 1979 700 2011 enim
717 1981 847 2023 populos

189 2025 248 2058 hic
268 2024 534 2068 &specim-emus
564 2024 690 2068 plures.

238 2080 270 2111 13
298 2071 458 2102 Fecundus
479 2069 678 2113 improprie,
695 2068 726 2101 ἃ
741 2078 846 2101 meta-

191 2114 301 2159 phora
319 2114 468 2157 quadam
488 2113 639 2146 dicitur:
671 2113 763 2158 quasi
783 2126 845 2158 pa-

191 2161 256 2193 riat
278 2170 401 2203 aquam
426 2159 483 2191 ille
505 2159 627 2191 clivuss.

236 2216 271 2247 ¹4
303 2204 451 2248 Offensus
487 2201 533 2235 est
570 2203 671 2235 etiam
698 2212 737 2235 ex
776 2202 845 2247 ipsa

189 2249 333 2284 aelionis
354 2249 536 2292 reciprocae
555 2257 697 2287 natura,
725 2247 758 2280 ἅ*
782 2247 844 2280 usu

187 2295 336 2339 linguae,
363 2294 424 2337 qui
452 2291 595 2325 offendit
619 2293 672 2324 vel
693 2292 847 2336 impulit.

188 2342 290 2385 Aqua
320 2338 541 2384 protruditur
571 2335 613 2369 ab
641 2337 740 2380 igne,
781 2337 842 2379 qui

187 2385 230 2418 ad
251 2386 343 2419 illam
367 2383 520 2417 offendit.
565 2382 677 2415 Potest
701 2381 764 2414 hoc
793 2380 842 2413 fa-

185 2431 288 2464 cilius
324 2428 474 2472 intelligi
504 2425 546 2460 ab
574 2426 646 2467 his,
680 2427 740 2470 qui
771 2437 841 2459 non

185 2474 361 2520 ignorant,
385 2485 448 2518 ope
461 2473 550 2517 ignis
561 2471 680 2504 subtus
692 2470 840 2504 conclusi

182 2522 322 2561 extolli,
364 2520 399 2553 ἃ
430 2517 599 2551 exhauriri
637 2528 762 2560 aquam
798 2517 840 2549 de

181 2566 310 2599 metalli
339 2563 479 2598 fodinis,
704 2570 710 2575 ·

230 2620 261 2649 ις
287 2613 385 2644 Putre
397 2611 501 2654 solum
523 2606 587 2641 effe
607 2616 729 2640 terram
749 2605 837 2640 solu-

176 2664 268 2697 tam,
289 2656 383 2701 poris
404 2654 523 2689 multis
543 2656 708 2699 perviam,
728 2661 836 2686 trans-

907 1662 1102 1696 mittentem
1139 1663 1260 1697 molles
1298 1663 1489 1706 radiculas,
1529 1675 1570 1698 ex

906 1707 1038 1741 rusticae
1058 1707 1106 1740 rei
1129 1707 1353 1752 scriptoribus
1373 1719 1493 1742 notum
1514 1710 1573 1744 est.

905 1755 1181 1796 Anheluspzmxex,
1205 1755 1264 1797 qui
1285 1753 1439 1798 spiritum
1461 1764 1570 1788 trans-

906 1799 1013 1831 mittit
1041 1808 1101 1841 per
1129 1809 1230 1841 poros
1256 1798 1340 1832 suoe.
1398 1801 1568 1841 Pei-forare

904 1845 975 1875 vias
993 1844 1122 1885 rimosas
1145 1843 1228 1887 quid
1243 1843 1290 1884 fit,
1318 1855 1416 1876 nemo
1437 1855 1505 1878 non
1517 1844 1569 1878 fa·-

905 1888 970 1921 cile
992 1887 1176 1931 intelligit:
1214 1888 1267 1921 sed
1297 1900 1366 1922 non
1386 1888 1566 1933 probabile

905 1931 970 1973 est,
993 1936 1148 1977 poetam,
1181 1932 1203 1965 si
1222 1934 1301 1977 quis
1332 1935 1418 1966 alius
1449 1936 1567 1979 copio-

904 1977 975 2010 sum
995 1979 1030 2011 <Sc
1057 1988 1128 2010 rem
1156 1979 1288 2011 variare
1323 1979 1564 2023 prodigialiter

904 2032 1048 2067 aptum,
1079 2032 1149 2056 uno
1179 2023 1356 2066 interjecClo
1386 2024 1483 2057 versu
1514 2035 1566 2058 re·

903 2068 1095 2112 petiturum
1135 2078 1202 2112 prae
1239 2078 1439 2113 paupertate
1469 2069 1565 2104 idern

905 2112 1060 2146 verbum.
1127 2115 1246 2158 Itaque
1290 2115 1400 2147 multo
1451 2116 1563 2159 magis

902 2158 1028 2201 placet,
1049 2167 1089 2190 ut
1109 2161 1285 2192 mitiacum
1306 2158 1385 2192 sono
1396 2159 1561 2203 quodam,

903 2203 994 2235 viam
1023 2200 1081 2235 fibi
1120 2214 1180 2245 per
1210 2202 1392 2237 oblimatas
1432 2202 1562 2236 fistulas

902 2247 1058 2290 aperiens
1110 2250 1181 2280 vias
1231 2249 1356 2290 limofizr
1404 2251 1559 2291 perfhnet.

900 2292 1133 2333 Bopji'oqvmadu
1166 2292 1202 2325 ἃ·
1233 2292 1456 2334 κωρκυρυγμῘν
1498 2305 1558 2327 VO—

899 2346 977 2369 cant
1004 2338 1131 2371 Medici
1163 2337 1282 2370 sonum
1316 2337 1555 2372 intestinorum

899 2392 916 2413 a
939 2383 1118 2415 commotis
1137 2382 1282 2425 liquidis
1300 2392 1426 2416 ortum.
1459 2383 1557 2416 Talis

896 2425 995 2459 sonus
1017 2425 1062 2458 est
1083 2439 1161 2460 cum
1183 2428 1294 2460 lutum
1317 2426 1475 2471 pedibus,
1495 2436 1557 2462 aut

897 2469 1058 2504 manibus
1077 2472 1262 2516 conspersio
1283 2471 1465 2512 farinacea,
1478 2471 1555 2506 sub-

895 2516 1014 2560 igitur.
1078 2517 1215 2551 Limosae
1245 2517 1426 2559 cujusdam
1453 2528 1554 2550 natu-

895 2572 938 2594 rae
966 2572 1005 2593 ex
1046 2564 1141 2596 venis
1177 2561 1382 2606 quibusd-ni
1427 2563 1551 2596 horum

891 2605 1041 2639 fontium
1089 2607 1290 2652 prodeuntis
1339 2608 1551 2642 mentionem

892 2662 1031 2697 quoque
1050 2653 1239 2688 Vandellus
1266 2652 1358 2687 facit.
