<?xml version="1.0" encoding="UTF-8"?>
<!DOCTYPE html PUBLIC "-//W3C//DTD XHTML 1.0 Transitional//EN"
    "http://www.w3.org/TR/xhtml1/DTD/xhtml1-transitional.dtd">
<html xmlns="http://www.w3.org/1999/xhtml" xml:lang="en" lang="en">
 <head>
  <title>
</title>
<meta http-equiv="Content-Type" content="text/html;charset=utf-8" />
  <meta name='ocr-system' content='tesseract 3.04.00' />
  <meta name='ocr-capabilities' content='ocr_page ocr_carea ocr_par ocr_line ocrx_word'/>
</head>
<body>
  <div class='ocr_page' id='page_1' title='image "./quaeexstantvarie02clauuoft_0015.png"; bbox 0 0 1696 2942; ppageno 0'>
   <div class='ocr_carea' id='block_1_1' title="bbox 457 116 1131 177">
    <p class='ocr_par' dir='ltr' id='par_1_1' title="bbox 457 116 1131 177">
     <span class='ocr_line' id='line_1_1' title="bbox 457 116 1131 177; baseline -0.001 0"><span class='ocrx_word' id='word_1_1' title='bbox 457 134 541 177; x_wconf 86' lang='lat' dir='ltr'>DE</span> <span class='ocrx_word' id='word_1_2' title='bbox 601 132 814 176; x_wconf 80' lang='lat' dir='ltr'>BELLo</span> <span class='ocrx_word' id='word_1_3' title='bbox 871 116 1131 176; x_wconf 83' lang='lat' dir='ltr'>GETICO</span> 
     </span>
    </p>
   </div>
   <div class='ocr_carea' id='block_1_2' title="bbox 1363 146 1444 185">
    <p class='ocr_par' dir='ltr' id='par_1_2' title="bbox 1363 146 1444 185">
     <span class='ocr_line' id='line_1_2' title="bbox 1363 146 1444 185; baseline 0.012 -1"><span class='ocrx_word' id='word_1_4' title='bbox 1363 146 1444 185; x_wconf 80' lang='lat'>409</span> 
     </span>
    </p>
   </div>
   <div class='ocr_carea' id='block_1_3' title="bbox 254 230 1309 434">
    <p class='ocr_par' dir='ltr' id='par_1_3' title="bbox 254 230 1309 434">
     <span class='ocr_line' id='line_1_3' title="bbox 259 230 1198 286; baseline -0.005 -9"><span class='ocrx_word' id='word_1_5' title='bbox 259 235 355 278; x_wconf 84' lang='lat' dir='ltr'>Non</span> <span class='ocrx_word' id='word_1_6' title='bbox 370 231 443 273; x_wconf 76' lang='lat' dir='ltr'>nisi</span> <span class='ocrx_word' id='word_1_7' title='bbox 472 232 638 274; x_wconf 81' lang='lat' dir='ltr'>calcatis</span> <span class='ocrx_word' id='word_1_8' title='bbox 662 232 832 272; x_wconf 85' lang='lat' dir='ltr'>loricam</span> <span class='ocrx_word' id='word_1_9' title='bbox 852 245 1008 286; x_wconf 87' lang='lat' dir='ltr'>ponere</span> <span class='ocrx_word' id='word_1_10' title='bbox 1029 230 1198 273; x_wconf 87' lang='lat' dir='ltr'>Rostris.</span> 
     </span>
     <span class='ocr_line' id='line_1_4' title="bbox 256 305 1224 361; baseline -0.002 -13"><span class='ocrx_word' id='word_1_11' title='bbox 256 308 294 348; x_wconf 95' lang='lat' dir='ltr'>O</span> <span class='ocrx_word' id='word_1_12' title='bbox 317 320 455 347; x_wconf 84' lang='lat' dir='ltr'>rerum</span> <span class='ocrx_word' id='word_1_13' title='bbox 479 305 635 361; x_wconf 76' lang='lat' dir='ltr'>fatique</span> <span class='ocrx_word' id='word_1_14' title='bbox 658 305 792 346; x_wconf 85' lang='lat' dir='ltr'>vices!</span> <span class='ocrx_word' id='word_1_15' title='bbox 832 307 902 361; x_wconf 87' lang='lat' dir='ltr'>qui</span> <span class='ocrx_word' id='word_1_16' title='bbox 919 306 1032 346; x_wconf 85' lang='lat' dir='ltr'><strong>foeda</strong></span> <span class='ocrx_word' id='word_1_17' title='bbox 1059 305 1224 360; x_wconf 74' lang='lat' dir='ltr'>parabat</span> 
     </span>
     <span class='ocr_line' id='line_1_5' title="bbox 254 366 1309 434; baseline -0.001 -13"><span class='ocrx_word' id='word_1_18' title='bbox 254 380 459 422; x_wconf 81' lang='lat' dir='ltr'>Romanas</span> <span class='ocrx_word' id='word_1_19' title='bbox 481 380 530 419; x_wconf 85' lang='lat' dir='ltr'>ad</span> <span class='ocrx_word' id='word_1_20' title='bbox 565 378 699 433; x_wconf 76' lang='lat' dir='ltr'>stupra</span> <span class='ocrx_word' id='word_1_21' title='bbox 727 392 883 426; x_wconf 75' lang='lat' dir='ltr'>nuru5‚</span> <span class='ocrx_word' id='word_1_22' title='bbox 911 379 980 419; x_wconf 82' lang='lat' dir='ltr'>sua</span> <span class='ocrx_word' id='word_1_23' title='bbox 1009 366 1184 434; x_wconf 81' lang='lat' dir='ltr'>pignora</span> <span class='ocrx_word' id='word_1_24' title='bbox 1207 377 1309 420; x_wconf 84' lang='lat' dir='ltr'>vidit</span> 
     </span>
    </p>
   </div>
   <div class='ocr_carea' id='block_1_4' title="bbox 148 464 190 506">
    <p class='ocr_par' dir='ltr' id='par_1_4' title="bbox 148 464 190 506">
     <span class='ocr_line' id='line_1_6' title="bbox 148 464 190 506; baseline 0.071 -3"><span class='ocrx_word' id='word_1_25' title='bbox 148 464 190 506; x_wconf 79' lang='lat'>85</span> 
     </span>
    </p>
   </div>
   <div class='ocr_carea' id='block_1_5' title="bbox 259 452 1359 509">
    <p class='ocr_par' dir='ltr' id='par_1_5' title="bbox 259 452 1359 509">
     <span class='ocr_line' id='line_1_7' title="bbox 259 452 1359 509; baseline -0.001 -13"><span class='ocrx_word' id='word_1_26' title='bbox 259 455 512 509; x_wconf 72' lang='lat' dir='ltr'>conjugibus</span> <span class='ocrx_word' id='word_1_27' title='bbox 536 454 725 508; x_wconf 81' lang='lat' dir='ltr'>permista</span> <span class='ocrx_word' id='word_1_28' title='bbox 745 454 866 495; x_wconf 80' lang='lat' dir='ltr'>trahi.</span> <span class='ocrx_word' id='word_1_29' title='bbox 898 455 967 509; x_wconf 87' lang='lat' dir='ltr'>qui</span> <span class='ocrx_word' id='word_1_30' title='bbox 995 462 1135 495; x_wconf 82' lang='lat' dir='ltr'>mente</span> <span class='ocrx_word' id='word_1_31' title='bbox 1156 452 1359 508; x_wconf 79' lang='lat' dir='ltr'>profunda</span> 
     </span>
    </p>
   </div>
   <div class='ocr_carea' id='block_1_6' title="bbox 252 526 1284 653">
    <p class='ocr_par' dir='ltr' id='par_1_6' title="bbox 252 526 1284 653">
     <span class='ocr_line' id='line_1_8' title="bbox 258 526 1282 582; baseline -0.002 -14"><span class='ocrx_word' id='word_1_32' title='bbox 258 527 453 568; x_wconf 78' lang='lat' dir='ltr'>Hauserat</span> <span class='ocrx_word' id='word_1_33' title='bbox 483 527 608 568; x_wconf 84' lang='lat' dir='ltr'>Urbis</span> <span class='ocrx_word' id='word_1_34' title='bbox 641 540 762 582; x_wconf 85' lang='lat' dir='ltr'>opes,</span> <span class='ocrx_word' id='word_1_35' title='bbox 801 527 910 567; x_wconf 80' lang='lat' dir='ltr'>ultro</span> <span class='ocrx_word' id='word_1_36' title='bbox 940 526 1166 567; x_wconf 51' lang='lat' dir='ltr'>melioribus</span> <span class='ocrx_word' id='word_1_37' title='bbox 1197 526 1282 581; x_wconf 86' lang='lat' dir='ltr'>ipse</span> 
     </span>
     <span class='ocr_line' id='line_1_9' title="bbox 252 599 1284 653; baseline 0 -13"><span class='ocrx_word' id='word_1_38' title='bbox 252 599 392 640; x_wconf 83' lang='lat' dir='ltr'>Praeda</span> <span class='ocrx_word' id='word_1_39' title='bbox 412 599 501 640; x_wconf 75' lang='lat' dir='ltr'>fuit.</span> <span class='ocrx_word' id='word_1_40' title='bbox 531 599 658 640; x_wconf 77' lang='lat' dir='ltr'>nostri</span> <span class='ocrx_word' id='word_1_41' title='bbox 681 599 884 653; x_wconf 81' lang='lat' dir='ltr'>quondam</span> <span class='ocrx_word' id='word_1_42' title='bbox 914 599 984 653; x_wconf 86' lang='lat' dir='ltr'>qui</span> <span class='ocrx_word' id='word_1_43' title='bbox 1012 599 1157 639; x_wconf 80' lang='lat' dir='ltr'>militis</span> <span class='ocrx_word' id='word_1_44' title='bbox 1181 612 1284 640; x_wconf 86' lang='lat' dir='ltr'>auro</span> 
     </span>
    </p>
   </div>
   <div class='ocr_carea' id='block_1_7' title="bbox 250 670 835 728">
    <p class='ocr_par' dir='ltr' id='par_1_7' title="bbox 250 670 835 728">
     <span class='ocr_line' id='line_1_10' title="bbox 250 670 835 728; baseline -0.009 -13"><span class='ocrx_word' id='word_1_45' title='bbox 250 672 475 728; x_wconf 75' lang='lat' dir='ltr'>Aggrefl&#39;us</span> <span class='ocrx_word' id='word_1_46' title='bbox 504 680 663 713; x_wconf 74' lang='lat' dir='ltr'>tentare</span> <span class='ocrx_word' id='word_1_47' title='bbox 686 670 810 712; x_wconf 90' lang='lat' dir='ltr'>fidem</span> <span class='ocrx_word' id='word_1_48' title='bbox 823 700 835 719; x_wconf 86' lang='lat'>,</span> 
     </span>
    </p>
   </div>
   <div class='ocr_carea' id='block_1_8' title="bbox 864 671 1270 713">
    <p class='ocr_par' dir='ltr' id='par_1_8' title="bbox 864 671 1270 713">
     <span class='ocr_line' id='line_1_11' title="bbox 864 671 1270 713; baseline 0.005 -2"><span class='ocrx_word' id='word_1_49' title='bbox 864 671 1045 712; x_wconf 78' lang='lat' dir='ltr'>desertus</span> <span class='ocrx_word' id='word_1_50' title='bbox 1076 672 1123 712; x_wconf 82' lang='lat' dir='ltr'>ab</span> <span class='ocrx_word' id='word_1_51' title='bbox 1155 673 1270 713; x_wconf 89' lang='lat' dir='ltr'>omni</span> 
     </span>
    </p>
   </div>
   <div class='ocr_carea' id='block_1_9' title="bbox 253 744 1376 798">
    <p class='ocr_par' dir='ltr' id='par_1_9' title="bbox 253 744 1376 798">
     <span class='ocr_line' id='line_1_12' title="bbox 253 744 1376 798; baseline 0 -12"><span class='ocrx_word' id='word_1_52' title='bbox 253 745 388 787; x_wconf 76' lang='lat' dir='ltr'>Gente</span> <span class='ocrx_word' id='word_1_53' title='bbox 419 745 486 786; x_wconf 84' lang='lat' dir='ltr'>sua</span> <span class='ocrx_word' id='word_1_54' title='bbox 517 744 781 798; x_wconf 75' lang='lat' dir='ltr'>manibusque</span> <span class='ocrx_word' id='word_1_55' title='bbox 810 745 918 785; x_wconf 83' lang='lat' dir='ltr'>redit</span> <span class='ocrx_word' id='word_1_56' title='bbox 940 752 1152 785; x_wconf 79' lang='lat' dir='ltr'>truncatus</span> <span class='ocrx_word' id='word_1_57' title='bbox 1177 744 1220 786; x_wconf 88' lang='lat'>&amp;</span> <span class='ocrx_word' id='word_1_58' title='bbox 1239 746 1376 786; x_wconf 82' lang='lat' dir='ltr'>armis.</span> 
     </span>
    </p>
   </div>
   <div class='ocr_carea' id='block_1_10' title="bbox 320 819 1392 873">
    <p class='ocr_par' dir='ltr' id='par_1_10' title="bbox 320 819 1392 873">
     <span class='ocr_line' id='line_1_13' title="bbox 320 819 1392 873; baseline 0 -12"><span class='ocrx_word' id='word_1_59' title='bbox 320 820 410 862; x_wconf 90' lang='lat' dir='ltr'>Hoc</span> <span class='ocrx_word' id='word_1_60' title='bbox 430 833 593 873; x_wconf 88' lang='lat' dir='ltr'>quoque</span> <span class='ocrx_word' id='word_1_61' title='bbox 625 819 734 873; x_wconf 87' lang='lat' dir='ltr'>quod</span> <span class='ocrx_word' id='word_1_62' title='bbox 753 819 916 860; x_wconf 89' lang='lat' dir='ltr'>veniam</span> <span class='ocrx_word' id='word_1_63' title='bbox 946 819 1021 859; x_wconf 84' lang='lat' dir='ltr'>leti</span> <span class='ocrx_word' id='word_1_64' title='bbox 1041 819 1207 860; x_wconf 85' lang='lat' dir='ltr'>valuere</span> <span class='ocrx_word' id='word_1_65' title='bbox 1227 821 1392 868; x_wconf 82' lang='lat' dir='ltr'>mereri,</span> 
     </span>
    </p>
   </div>
   <div class='ocr_carea' id='block_1_11' title="bbox 138 890 1399 1390">
    <p class='ocr_par' dir='ltr' id='par_1_11' title="bbox 241 890 1399 1169">
     <span class='ocr_line' id='line_1_14' title="bbox 250 890 1280 947; baseline 0.001 -15"><span class='ocrx_word' id='word_1_66' title='bbox 250 890 295 932; x_wconf 86' lang='lat' dir='ltr'>Si</span> <span class='ocrx_word' id='word_1_67' title='bbox 322 890 461 946; x_wconf 79' lang='lat' dir='ltr'>positis</span> <span class='ocrx_word' id='word_1_68' title='bbox 488 893 640 947; x_wconf 82' lang='lat' dir='ltr'>pendas</span> <span class='ocrx_word' id='word_1_69' title='bbox 673 892 803 940; x_wconf 83' lang='lat' dir='ltr'>odiis,</span> <span class='ocrx_word' id='word_1_70' title='bbox 843 891 1056 946; x_wconf 84' lang='lat' dir='ltr'><strong>ignoscere</strong></span> <span class='ocrx_word' id='word_1_71' title='bbox 1087 892 1280 947; x_wconf 90' lang='lat' dir='ltr'>pulcrum</span> 
     </span>
     <span class='ocr_line' id='line_1_15' title="bbox 249 963 1389 1020; baseline 0.004 -17"><span class='ocrx_word' id='word_1_72' title='bbox 249 964 340 1012; x_wconf 79' lang='lat' dir='ltr'>Jam</span> <span class='ocrx_word' id='word_1_73' title='bbox 359 964 528 1011; x_wconf 82' lang='lat' dir='ltr'>misero,</span> <span class='ocrx_word' id='word_1_74' title='bbox 558 978 779 1020; x_wconf 63' lang='lat' dir='ltr'>poenaeque</span> <span class='ocrx_word' id='word_1_75' title='bbox 803 978 935 1019; x_wconf 86' lang='lat' dir='ltr'>genus</span> <span class='ocrx_word' id='word_1_76' title='bbox 964 963 1105 1006; x_wconf 84' lang='lat' dir='ltr'>vidisse</span> <span class='ocrx_word' id='word_1_77' title='bbox 1138 973 1389 1020; x_wconf 82' lang='lat' dir='ltr'><strong>precantem.</strong></span> 
     </span>
     <span class='ocr_line' id='line_1_16' title="bbox 250 1037 1399 1095; baseline 0.003 -17"><span class='ocrx_word' id='word_1_78' title='bbox 250 1038 356 1086; x_wconf 83' lang='lat' dir='ltr'>Quae</span> <span class='ocrx_word' id='word_1_79' title='bbox 374 1037 555 1080; x_wconf 59' lang='lat' dir='ltr'>vindicta</span> <span class='ocrx_word' id='word_1_80' title='bbox 579 1039 716 1092; x_wconf 81' lang='lat' dir='ltr'>prior,</span> <span class='ocrx_word' id='word_1_81' title='bbox 744 1052 866 1094; x_wconf 88' lang='lat' dir='ltr'>quam</span> <span class='ocrx_word' id='word_1_82' title='bbox 886 1052 982 1079; x_wconf 89' lang='lat' dir='ltr'>cum</span> <span class='ocrx_word' id='word_1_83' title='bbox 1005 1038 1182 1079; x_wconf 82' lang='lat' dir='ltr'>formido</span> <span class='ocrx_word' id='word_1_84' title='bbox 1204 1039 1399 1095; x_wconf 85' lang='lat' dir='ltr'>superbos</span> 
     </span>
     <span class='ocr_line' id='line_1_17' title="bbox 241 1111 1256 1169; baseline 0 -15"><span class='ocrx_word' id='word_1_85' title='bbox 241 1112 276 1154; x_wconf 83' lang='lat' dir='ltr'>F</span> <span class='ocrx_word' id='word_1_86' title='bbox 278 1111 416 1160; x_wconf 60' lang='lat' dir='ltr'>lectit,</span> <span class='ocrx_word' id='word_1_87' title='bbox 445 1112 488 1154; x_wconf 83' lang='lat'>&amp;</span> <span class='ocrx_word' id='word_1_88' title='bbox 509 1111 707 1153; x_wconf 74' lang='lat' dir='ltr'>assuetum</span> <span class='ocrx_word' id='word_1_89' title='bbox 738 1113 878 1169; x_wconf 88' lang='lat' dir='ltr'>spoliis</span> <span class='ocrx_word' id='word_1_90' title='bbox 901 1113 1047 1168; x_wconf 78' lang='lat' dir='ltr'>affligit</span> <span class='ocrx_word' id='word_1_91' title='bbox 1066 1113 1256 1169; x_wconf 77' lang='lat' dir='ltr'>egestas‘.2</span> 
     </span>
    </p>

    <p class='ocr_par' dir='ltr' id='par_1_12' title="bbox 138 1183 1319 1390">
     <span class='ocr_line' id='line_1_18' title="bbox 138 1183 1254 1240; baseline 0.003 -16"><span class='ocrx_word' id='word_1_92' title='bbox 138 1197 183 1235; x_wconf 79' lang='grc'>95</span> <span class='ocrx_word' id='word_1_93' title='bbox 247 1183 328 1225; x_wconf 86' lang='lat' dir='ltr'>Sed</span> <span class='ocrx_word' id='word_1_94' title='bbox 355 1187 486 1240; x_wconf 81' lang='lat' dir='ltr'>magis</span> <span class='ocrx_word' id='word_1_95' title='bbox 518 1200 570 1226; x_wconf 74' lang='lat' dir='ltr'>ex</span> <span class='ocrx_word' id='word_1_96' title='bbox 593 1186 686 1226; x_wconf 80' lang='lat' dir='ltr'>aliis</span> <span class='ocrx_word' id='word_1_97' title='bbox 716 1185 841 1227; x_wconf 74' lang='lat' dir='ltr'>fluxit</span> <span class='ocrx_word' id='word_1_98' title='bbox 862 1187 1082 1228; x_wconf 82' lang='lat' dir='ltr'>clementia</span> <span class='ocrx_word' id='word_1_99' title='bbox 1100 1185 1254 1234; x_wconf 83' lang='lat' dir='ltr'>causslS‚</span> 
     </span>
     <span class='ocr_line' id='line_1_19' title="bbox 253 1259 1319 1316; baseline 0.001 -14"><span class='ocrx_word' id='word_1_100' title='bbox 253 1259 486 1302; x_wconf 81' lang='lat' dir='ltr'>consulitur</span> <span class='ocrx_word' id='word_1_101' title='bbox 505 1261 602 1301; x_wconf 81' lang='lat' dir='ltr'>dum</span> <span class='ocrx_word' id='word_1_102' title='bbox 617 1289 627 1308; x_wconf 77' lang='grc'><strong><em>,</em></strong></span> <span class='ocrx_word' id='word_1_103' title='bbox 655 1260 787 1301; x_wconf 82' lang='lat' dir='ltr'>Roma</span> <span class='ocrx_word' id='word_1_104' title='bbox 802 1289 815 1309; x_wconf 82' lang='lat'>,</span> <span class='ocrx_word' id='word_1_105' title='bbox 842 1261 930 1302; x_wconf 83' lang='lat' dir='ltr'>tibi.</span> <span class='ocrx_word' id='word_1_106' title='bbox 961 1268 1031 1302; x_wconf 85' lang='lat' dir='ltr'>tua</span> <span class='ocrx_word' id='word_1_107' title='bbox 1061 1275 1158 1302; x_wconf 83' lang='lat' dir='ltr'>cura</span> <span class='ocrx_word' id='word_1_108' title='bbox 1179 1261 1319 1316; x_wconf 67' lang='lat' dir='ltr'>coegit</span> 
     </span>
     <span class='ocr_line' id='line_1_20' title="bbox 248 1330 1194 1390; baseline 0.001 -14"><span class='ocrx_word' id='word_1_109' title='bbox 248 1330 418 1376; x_wconf 85' lang='lat' dir='ltr'>Inclufis</span> <span class='ocrx_word' id='word_1_110' title='bbox 442 1336 602 1389; x_wconf 85' lang='lat' dir='ltr'>aperire</span> <span class='ocrx_word' id='word_1_111' title='bbox 622 1334 776 1389; x_wconf 79' lang='lat' dir='ltr'>sugam,</span> <span class='ocrx_word' id='word_1_112' title='bbox 804 1348 857 1375; x_wconf 91' lang='lat' dir='ltr'>ne</span> <span class='ocrx_word' id='word_1_113' title='bbox 878 1335 994 1390; x_wconf 85' lang='lat' dir='ltr'>pejor</span> <span class='ocrx_word' id='word_1_114' title='bbox 1015 1336 1059 1376; x_wconf 88' lang='lat' dir='ltr'>in</span> <span class='ocrx_word' id='word_1_115' title='bbox 1080 1334 1194 1377; x_wconf 69' lang='lat' dir='ltr'>arfto</span> 
     </span>
    </p>
   </div>
   <div class='ocr_carea' id='block_1_12' title="bbox 139 1407 1340 1613">
    <p class='ocr_par' dir='ltr' id='par_1_13' title="bbox 139 1407 1340 1613">
     <span class='ocr_line' id='line_1_21' title="bbox 248 1407 1172 1451; baseline 0 -1"><span class='ocrx_word' id='word_1_116' title='bbox 248 1407 426 1450; x_wconf 80' lang='lat' dir='ltr'>Saeviret</span> <span class='ocrx_word' id='word_1_117' title='bbox 447 1410 578 1450; x_wconf 80' lang='lat' dir='ltr'>rabies</span> <span class='ocrx_word' id='word_1_118' title='bbox 610 1416 796 1450; x_wconf 73' lang='lat' dir='ltr'>venturae</span> <span class='ocrx_word' id='word_1_119' title='bbox 823 1409 983 1451; x_wconf 84' lang='lat' dir='ltr'>conscia</span> <span class='ocrx_word' id='word_1_120' title='bbox 1010 1411 1172 1450; x_wconf 81' lang='lat' dir='ltr'>mortis.</span> 
     </span>
     <span class='ocr_line' id='line_1_22' title="bbox 254 1483 1325 1539; baseline 0.002 -15"><span class='ocrx_word' id='word_1_121' title='bbox 254 1484 344 1525; x_wconf 86' lang='lat' dir='ltr'>Nec</span> <span class='ocrx_word' id='word_1_122' title='bbox 366 1485 470 1524; x_wconf 81' lang='lat' dir='ltr'>tanti</span> <span class='ocrx_word' id='word_1_123' title='bbox 492 1497 646 1524; x_wconf 88' lang='lat' dir='ltr'>nomen</span> <span class='ocrx_word' id='word_1_124' title='bbox 666 1483 913 1539; x_wconf 86' lang='lat' dir='ltr'>stirpemque</span> <span class='ocrx_word' id='word_1_125' title='bbox 934 1484 1098 1525; x_wconf 82' lang='lat' dir='ltr'>abolere</span> <span class='ocrx_word' id='word_1_126' title='bbox 1112 1484 1325 1534; x_wconf 83' lang='lat' dir='ltr'>Getarum,</span> 
     </span>
     <span class='ocr_line' id='line_1_23' title="bbox 139 1557 1340 1613; baseline 0.003 -15"><span class='ocrx_word' id='word_1_127' title='bbox 139 1570 210 1599; x_wconf 80' lang='lat'>100</span> <span class='ocrx_word' id='word_1_128' title='bbox 247 1557 306 1600; x_wconf 79' lang='lat' dir='ltr'>Ut</span> <span class='ocrx_word' id='word_1_129' title='bbox 331 1560 503 1613; x_wconf 85' lang='lat' dir='ltr'>propius</span> <span class='ocrx_word' id='word_1_130' title='bbox 522 1566 735 1613; x_wconf 82' lang='lat' dir='ltr'>peterere,</span> <span class='ocrx_word' id='word_1_131' title='bbox 762 1558 855 1600; x_wconf 82' lang='lat' dir='ltr'>fuit.</span> <span class='ocrx_word' id='word_1_132' title='bbox 909 1559 1057 1602; x_wconf 83' lang='lat' dir='ltr'>Procul</span> <span class='ocrx_word' id='word_1_133' title='bbox 1076 1566 1211 1602; x_wconf 85' lang='lat' dir='ltr'>arceat</span> <span class='ocrx_word' id='word_1_134' title='bbox 1230 1560 1340 1602; x_wconf 86' lang='lat' dir='ltr'>altus</span> 
     </span>
    </p>
   </div>
   <div class='ocr_carea' id='block_1_13' title="bbox 857 1630 1531 1690">
    <p class='ocr_par' dir='ltr' id='par_1_14' title="bbox 857 1630 1531 1690">
     <span class='ocr_line' id='line_1_24' title="bbox 857 1630 1531 1690; baseline 0.006 -18"><span class='ocrx_word' id='word_1_135' title='bbox 857 1630 889 1673; x_wconf 93' lang='lat' dir='ltr'>C</span> <span class='ocrx_word' id='word_1_136' title='bbox 911 1645 934 1672; x_wconf 93' lang='lat' dir='ltr'><strong>c</strong></span> <span class='ocrx_word' id='word_1_137' title='bbox 962 1643 981 1679; x_wconf 84' lang='lat'>5</span> <span class='ocrx_word' id='word_1_138' title='bbox 1355 1631 1531 1690; x_wconf 86' lang='lat' dir='ltr'>Jupiter,</span> 
     </span>
    </p>
   </div>
   <div class='ocr_carea' id='block_1_14' title="bbox 329 1724 1322 1772">
    <p class='ocr_par' dir='ltr' id='par_1_15' title="bbox 329 1724 1322 1772">
     <span class='ocr_line' id='line_1_25' title="bbox 329 1724 1322 1772; baseline 0.005 -12"><span class='ocrx_word' id='word_1_139' title='bbox 329 1733 373 1772; x_wconf 83' lang='lat'>98</span> <span class='ocrx_word' id='word_1_140' title='bbox 398 1727 525 1761; x_wconf 82' lang='lat' dir='ltr'>nuncia</span> <span class='ocrx_word' id='word_1_141' title='bbox 542 1727 644 1771; x_wconf 64' lang='lat' dir='ltr'>vulg.</span> <span class='ocrx_word' id='word_1_142' title='bbox 668 1724 800 1761; x_wconf 81' lang='lat' dir='ltr'>conscia</span> <span class='ocrx_word' id='word_1_143' title='bbox 819 1738 838 1759; x_wconf 74' lang='lat' dir='ltr'><em>a</em></span> <span class='ocrx_word' id='word_1_144' title='bbox 856 1728 988 1761; x_wconf 83' lang='lat' dir='ltr'>Barthio</span> <span class='ocrx_word' id='word_1_145' title='bbox 1007 1726 1042 1764; x_wconf 55' lang='grc' dir='ltr'>θ’</span> <span class='ocrx_word' id='word_1_146' title='bbox 1057 1728 1173 1772; x_wconf 75' lang='lat' dir='ltr'>Heinfi</span> <span class='ocrx_word' id='word_1_147' title='bbox 1193 1731 1322 1769; x_wconf 76' lang='lat' dir='ltr'>eMSS.</span> 
     </span>
    </p>
   </div>
   <div class='ocr_carea' id='block_1_15' title="bbox 141 1818 821 2771">
    <p class='ocr_par' dir='ltr' id='par_1_16' title="bbox 142 1818 812 1955">
     <span class='ocr_line' id='line_1_26' title="bbox 186 1818 812 1861; baseline -0.005 -7"><span class='ocrx_word' id='word_1_148' title='bbox 186 1826 227 1859; x_wconf 84' lang='lat'>82</span> <span class='ocrx_word' id='word_1_149' title='bbox 269 1819 378 1860; x_wconf 80' lang='lat' dir='ltr'>Rostra</span> <span class='ocrx_word' id='word_1_150' title='bbox 416 1818 483 1854; x_wconf 89' lang='lat' dir='ltr'>fori</span> <span class='ocrx_word' id='word_1_151' title='bbox 518 1819 683 1861; x_wconf 78' lang='lat' dir='ltr'>Romani,</span> <span class='ocrx_word' id='word_1_152' title='bbox 719 1818 812 1854; x_wconf 83' lang='lat' dir='ltr'>unde</span> 
     </span>
     <span class='ocr_line' id='line_1_27' title="bbox 142 1864 810 1905; baseline 0 -7"><span class='ocrx_word' id='word_1_153' title='bbox 142 1864 439 1899; x_wconf 73' lang='lat' dir='ltr'>concionabantur</span> <span class='ocrx_word' id='word_1_154' title='bbox 463 1864 506 1899; x_wconf 74' lang='lat' dir='ltr'>ad</span> <span class='ocrx_word' id='word_1_155' title='bbox 533 1864 810 1905; x_wconf 81' lang='lat' dir='ltr'>multitudinem,</span> 
     </span>
     <span class='ocr_line' id='line_1_28' title="bbox 142 1910 490 1955; baseline 0.003 -12"><span class='ocrx_word' id='word_1_156' title='bbox 142 1910 312 1954; x_wconf 75' lang='lat' dir='ltr'>intelligi,</span> <span class='ocrx_word' id='word_1_157' title='bbox 337 1919 490 1955; x_wconf 73' lang='lat' dir='ltr'>apparet.</span> 
     </span>
    </p>

    <p class='ocr_par' dir='ltr' id='par_1_17' title="bbox 141 1956 818 2306">
     <span class='ocr_line' id='line_1_29' title="bbox 188 1956 816 2000; baseline -0.002 -11"><span class='ocrx_word' id='word_1_158' title='bbox 188 1962 228 1995; x_wconf 82' lang='lat'>85</span> <span class='ocrx_word' id='word_1_159' title='bbox 255 1958 365 1989; x_wconf 66' lang='lat' dir='ltr'>Mente</span> <span class='ocrx_word' id='word_1_160' title='bbox 378 1957 539 2000; x_wconf 75' lang='lat' dir='ltr'>profunda</span> <span class='ocrx_word' id='word_1_161' title='bbox 558 1956 720 1999; x_wconf 80' lang='lat' dir='ltr'>exprimit</span> <span class='ocrx_word' id='word_1_162' title='bbox 733 1957 816 2000; x_wconf 66' lang='lat' dir='ltr'>poe-</span> 
     </span>
     <span class='ocr_line' id='line_1_30' title="bbox 143 1999 814 2045; baseline -0.001 -11"><span class='ocrx_word' id='word_1_163' title='bbox 143 2010 178 2034; x_wconf 79' lang='lat' dir='ltr'>ta</span> <span class='ocrx_word' id='word_1_164' title='bbox 207 1999 433 2034; x_wconf 69' lang='lat' dir='ltr'>insatiabilem</span> <span class='ocrx_word' id='word_1_165' title='bbox 461 2000 713 2045; x_wconf 70' lang='lat' dir='ltr'>cupiditatem,</span> <span class='ocrx_word' id='word_1_166' title='bbox 739 2011 814 2043; x_wconf 84' lang='lat' dir='ltr'>quae</span> 
     </span>
     <span class='ocr_line' id='line_1_31' title="bbox 141 2045 818 2091; baseline 0.001 -12"><span class='ocrx_word' id='word_1_167' title='bbox 141 2045 246 2079; x_wconf 80' lang='lat' dir='ltr'>instar</span> <span class='ocrx_word' id='word_1_168' title='bbox 274 2045 454 2090; x_wconf 74' lang='lat' dir='ltr'>profundae</span> <span class='ocrx_word' id='word_1_169' title='bbox 483 2046 659 2091; x_wconf 77' lang='lat' dir='ltr'>voraginis</span> <span class='ocrx_word' id='word_1_170' title='bbox 689 2045 818 2090; x_wconf 83' lang='lat' dir='ltr'>expleri</span> 
     </span>
     <span class='ocr_line' id='line_1_32' title="bbox 144 2090 817 2136; baseline 0 -12"><span class='ocrx_word' id='word_1_171' title='bbox 144 2092 241 2125; x_wconf 73' lang='lat' dir='ltr'>nullo</span> <span class='ocrx_word' id='word_1_172' title='bbox 269 2091 373 2125; x_wconf 81' lang='lat' dir='ltr'>modo</span> <span class='ocrx_word' id='word_1_173' title='bbox 405 2090 523 2136; x_wconf 84' lang='lat' dir='ltr'>potest.</span> <span class='ocrx_word' id='word_1_174' title='bbox 586 2091 690 2124; x_wconf 74' lang='grc' dir='ltr'><em>Μέυος</em></span> <span class='ocrx_word' id='word_1_175' title='bbox 721 2091 817 2135; x_wconf 81' lang='lat' dir='ltr'>cogi-</span> 
     </span>
     <span class='ocr_line' id='line_1_33' title="bbox 143 2135 818 2180; baseline -0.001 -11"><span class='ocrx_word' id='word_1_176' title='bbox 143 2135 224 2170; x_wconf 75' lang='lat' dir='ltr'>tasse</span> <span class='ocrx_word' id='word_1_177' title='bbox 247 2137 406 2177; x_wconf 77' lang='lat' dir='ltr'>videtur,</span> <span class='ocrx_word' id='word_1_178' title='bbox 431 2146 574 2180; x_wconf 80' lang='lat' dir='ltr'>partem,</span> <span class='ocrx_word' id='word_1_179' title='bbox 599 2147 672 2180; x_wconf 78' lang='lat' dir='ltr'>quae</span> <span class='ocrx_word' id='word_1_180' title='bbox 693 2136 818 2169; x_wconf 85' lang='lat' dir='ltr'>vultin</span> 
     </span>
     <span class='ocr_line' id='line_1_34' title="bbox 143 2181 817 2228; baseline -0.001 -13"><span class='ocrx_word' id='word_1_181' title='bbox 143 2181 245 2216; x_wconf 81' lang='lat' dir='ltr'>nobis</span> <span class='ocrx_word' id='word_1_182' title='bbox 265 2182 300 2216; x_wconf 74' lang='grc' dir='ltr'>δε</span> <span class='ocrx_word' id='word_1_183' title='bbox 322 2183 473 2228; x_wconf 78' lang='lat' dir='ltr'>appetit,</span> <span class='ocrx_word' id='word_1_184' title='bbox 497 2193 565 2216; x_wconf 86' lang='lat' dir='ltr'>non</span> <span class='ocrx_word' id='word_1_185' title='bbox 592 2193 668 2225; x_wconf 80' lang='lat' dir='ltr'>quae</span> <span class='ocrx_word' id='word_1_186' title='bbox 690 2181 817 2214; x_wconf 87' lang='lat' dir='ltr'>intelli-</span> 
     </span>
     <span class='ocr_line' id='line_1_35' title="bbox 145 2226 817 2272; baseline -0.001 -12"><span class='ocrx_word' id='word_1_187' title='bbox 145 2228 197 2272; x_wconf 85' lang='lat' dir='ltr'>git</span> <span class='ocrx_word' id='word_1_188' title='bbox 226 2228 261 2261; x_wconf 85' lang='lat'>&amp;</span> <span class='ocrx_word' id='word_1_189' title='bbox 289 2226 471 2262; x_wconf 83' lang='lat' dir='ltr'>scrutatur.</span> <span class='ocrx_word' id='word_1_190' title='bbox 527 2229 718 2261; x_wconf 74' lang='lat' dir='ltr'>Devorandi</span> <span class='ocrx_word' id='word_1_191' title='bbox 742 2237 817 2260; x_wconf 80' lang='lat' dir='ltr'>ver-</span> 
     </span>
     <span class='ocr_line' id='line_1_36' title="bbox 144 2272 683 2306; baseline -0.002 0"><span class='ocrx_word' id='word_1_192' title='bbox 144 2272 228 2306; x_wconf 85' lang='lat' dir='ltr'>bum</span> <span class='ocrx_word' id='word_1_193' title='bbox 252 2273 285 2305; x_wconf 91' lang='lat' dir='ltr'>in</span> <span class='ocrx_word' id='word_1_194' title='bbox 306 2274 366 2306; x_wconf 68' lang='lat' dir='ltr'>tali</span> <span class='ocrx_word' id='word_1_195' title='bbox 395 2285 429 2306; x_wconf 86' lang='lat' dir='ltr'>re</span> <span class='ocrx_word' id='word_1_196' title='bbox 448 2282 538 2305; x_wconf 59' lang='lat' dir='ltr'>amnt</span> <span class='ocrx_word' id='word_1_197' title='bbox 549 2273 683 2306; x_wconf 84' lang='lat' dir='ltr'>Cicero.</span> 
     </span>
    </p>

    <p class='ocr_par' dir='ltr' id='par_1_18' title="bbox 146 2317 818 2454">
     <span class='ocr_line' id='line_1_37' title="bbox 192 2317 816 2363; baseline -0.003 -11"><span class='ocrx_word' id='word_1_198' title='bbox 192 2325 234 2363; x_wconf 85' lang='lat'>89</span> <span class='ocrx_word' id='word_1_199' title='bbox 260 2321 379 2352; x_wconf 77' lang='lat' dir='ltr'>Munus</span> <span class='ocrx_word' id='word_1_200' title='bbox 408 2318 645 2362; x_wconf 70' lang='lat' dir='ltr'>intelligamus</span> <span class='ocrx_word' id='word_1_201' title='bbox 676 2317 816 2358; x_wconf 80' lang='lat' dir='ltr'>milites,</span> 
     </span>
     <span class='ocr_line' id='line_1_38' title="bbox 146 2364 818 2408; baseline 0 -11"><span class='ocrx_word' id='word_1_202' title='bbox 146 2364 182 2397; x_wconf 72' lang='grc' dir='ltr'>ἃ</span> <span class='ocrx_word' id='word_1_203' title='bbox 205 2364 320 2408; x_wconf 62' lang='lat' dir='ltr'>copias</span> <span class='ocrx_word' id='word_1_204' title='bbox 349 2365 433 2398; x_wconf 72' lang='lat' dir='ltr'>adeo</span> <span class='ocrx_word' id='word_1_205' title='bbox 453 2375 590 2403; x_wconf 78' lang='lat' dir='ltr'>omnes,</span> <span class='ocrx_word' id='word_1_206' title='bbox 625 2373 746 2408; x_wconf 77' lang='lat' dir='ltr'>praeter</span> <span class='ocrx_word' id='word_1_207' title='bbox 765 2375 818 2397; x_wconf 84' lang='lat' dir='ltr'>ar-</span> 
     </span>
     <span class='ocr_line' id='line_1_39' title="bbox 146 2409 703 2454; baseline -0.004 -11"><span class='ocrx_word' id='word_1_208' title='bbox 146 2421 216 2449; x_wconf 79' lang='lat' dir='ltr'>ma,</span> <span class='ocrx_word' id='word_1_209' title='bbox 243 2421 317 2453; x_wconf 84' lang='lat' dir='ltr'>quae</span> <span class='ocrx_word' id='word_1_210' title='bbox 337 2409 515 2454; x_wconf 68' lang='lat' dir='ltr'>separatim</span> <span class='ocrx_word' id='word_1_211' title='bbox 537 2410 703 2442; x_wconf 79' lang='lat' dir='ltr'>nominat.</span> 
     </span>
    </p>

    <p class='ocr_par' dir='ltr' id='par_1_19' title="bbox 146 2454 821 2771">
     <span class='ocr_line' id='line_1_40' title="bbox 189 2454 818 2498; baseline -0.005 -10"><span class='ocrx_word' id='word_1_212' title='bbox 189 2464 237 2497; x_wconf 84' lang='lat'>90</span> <span class='ocrx_word' id='word_1_213' title='bbox 263 2455 330 2487; x_wconf 88' lang='lat' dir='ltr'>Hic</span> <span class='ocrx_word' id='word_1_214' title='bbox 351 2458 450 2498; x_wconf 71' lang='lat' dir='ltr'>poeta</span> <span class='ocrx_word' id='word_1_215' title='bbox 479 2454 567 2487; x_wconf 84' lang='lat' dir='ltr'>illud</span> <span class='ocrx_word' id='word_1_216' title='bbox 597 2457 723 2488; x_wconf 66' lang='lat' dir='ltr'>veniam</span> <span class='ocrx_word' id='word_1_217' title='bbox 761 2454 818 2487; x_wconf 82' lang='lat' dir='ltr'>leti</span> 
     </span>
     <span class='ocr_line' id='line_1_41' title="bbox 146 2498 819 2543; baseline -0.001 -11"><span class='ocrx_word' id='word_1_218' title='bbox 146 2509 245 2534; x_wconf 75' lang='lat' dir='ltr'>vocat</span> <span class='ocrx_word' id='word_1_219' title='bbox 271 2501 305 2533; x_wconf 89' lang='lat'>&amp;</span> <span class='ocrx_word' id='word_1_220' title='bbox 331 2500 569 2539; x_wconf 76' lang='lat' dir='ltr'>clementiam,</span> <span class='ocrx_word' id='word_1_221' title='bbox 603 2500 639 2532; x_wconf 89' lang='lat' dir='ltr'>in</span> <span class='ocrx_word' id='word_1_222' title='bbox 668 2511 737 2543; x_wconf 82' lang='lat' dir='ltr'>quo</span> <span class='ocrx_word' id='word_1_223' title='bbox 760 2498 819 2531; x_wconf 84' lang='lat' dir='ltr'>alii</span> 
     </span>
     <span class='ocr_line' id='line_1_42' title="bbox 147 2545 817 2589; baseline -0.003 -11"><span class='ocrx_word' id='word_1_224' title='bbox 147 2546 201 2578; x_wconf 84' lang='lat' dir='ltr'>vel</span> <span class='ocrx_word' id='word_1_225' title='bbox 241 2555 377 2587; x_wconf 78' lang='lat' dir='ltr'>turpem</span> <span class='ocrx_word' id='word_1_226' title='bbox 408 2546 573 2578; x_wconf 58' lang='lat' dir='ltr'>Romanis</span> <span class='ocrx_word' id='word_1_227' title='bbox 611 2545 817 2589; x_wconf 59' lang='lat' dir='ltr'>pactionem,</span> 
     </span>
     <span class='ocr_line' id='line_1_43' title="bbox 146 2589 819 2634; baseline 0 -11"><span class='ocrx_word' id='word_1_228' title='bbox 146 2591 201 2623; x_wconf 84' lang='lat' dir='ltr'>vel</span> <span class='ocrx_word' id='word_1_229' title='bbox 222 2589 452 2634; x_wconf 75' lang='lat' dir='ltr'>proditionem</span> <span class='ocrx_word' id='word_1_230' title='bbox 467 2590 550 2624; x_wconf 76' lang='lat' dir='ltr'>adeo</span> <span class='ocrx_word' id='word_1_231' title='bbox 563 2590 819 2634; x_wconf 76' lang='lat' dir='ltr'>deprehendere</span> 
     </span>
     <span class='ocr_line' id='line_1_44' title="bbox 148 2634 819 2677; baseline 0.003 -10"><span class='ocrx_word' id='word_1_232' title='bbox 148 2635 207 2668; x_wconf 79' lang='lat' dir='ltr'>fibi</span> <span class='ocrx_word' id='word_1_233' title='bbox 228 2635 288 2668; x_wconf 74' lang='lat' dir='ltr'>vifi</span> <span class='ocrx_word' id='word_1_234' title='bbox 312 2634 397 2673; x_wconf 70' lang='lat' dir='ltr'>sunt.</span> <span class='ocrx_word' id='word_1_235' title='bbox 445 2636 523 2668; x_wconf 80' lang='lat' dir='ltr'>Vid.</span> <span class='ocrx_word' id='word_1_236' title='bbox 539 2636 695 2668; x_wconf 75' lang='lat' dir='ltr'>Zosimus</span> <span class='ocrx_word' id='word_1_237' title='bbox 716 2644 746 2675; x_wconf 79' lang='grc' dir='ltr'>ς,</span> <span class='ocrx_word' id='word_1_238' title='bbox 767 2645 819 2677; x_wconf 74' lang='grc'>29.</span> 
     </span>
     <span class='ocr_line' id='line_1_45' title="bbox 148 2679 816 2722; baseline 0 -10"><span class='ocrx_word' id='word_1_239' title='bbox 148 2682 191 2713; x_wconf 90' lang='lat' dir='ltr'>Et</span> <span class='ocrx_word' id='word_1_240' title='bbox 210 2679 308 2713; x_wconf 75' lang='lat' dir='ltr'>fuisse</span> <span class='ocrx_word' id='word_1_241' title='bbox 328 2692 397 2714; x_wconf 85' lang='lat' dir='ltr'>rem</span> <span class='ocrx_word' id='word_1_242' title='bbox 411 2681 615 2714; x_wconf 68' lang='lat' dir='ltr'>invidiosam</span> <span class='ocrx_word' id='word_1_243' title='bbox 629 2709 638 2722; x_wconf 69' lang='lat'>‚</span> <span class='ocrx_word' id='word_1_244' title='bbox 660 2680 816 2713; x_wconf 72' lang='lat' dir='ltr'>etiamex</span> 
     </span>
     <span class='ocr_line' id='line_1_46' title="bbox 150 2724 821 2771; baseline -0.003 -12"><span class='ocrx_word' id='word_1_245' title='bbox 150 2725 212 2759; x_wconf 84' lang='lat' dir='ltr'>hac</span> <span class='ocrx_word' id='word_1_246' title='bbox 239 2725 429 2760; x_wconf 75' lang='lat' dir='ltr'>defensione</span> <span class='ocrx_word' id='word_1_247' title='bbox 459 2736 612 2771; x_wconf 78' lang='lat' dir='ltr'>apparet.</span> <span class='ocrx_word' id='word_1_248' title='bbox 658 2729 731 2771; x_wconf 72' lang='lat' dir='ltr'>[pla</span> <span class='ocrx_word' id='word_1_249' title='bbox 752 2724 821 2759; x_wconf 87' lang='lat' dir='ltr'>for-</span> 
     </span>
    </p>
   </div>
   <div class='ocr_carea' id='block_1_16' title="bbox 858 1819 1536 1956">
    <p class='ocr_par' dir='ltr' id='par_1_20' title="bbox 858 1819 1536 1956">
     <span class='ocr_line' id='line_1_47' title="bbox 859 1819 1536 1865; baseline 0.009 -12"><span class='ocrx_word' id='word_1_250' title='bbox 859 1819 954 1853; x_wconf 80' lang='lat' dir='ltr'>mula</span> <span class='ocrx_word' id='word_1_251' title='bbox 983 1822 1113 1854; x_wconf 72' lang='lat' dir='ltr'>valuere</span> <span class='ocrx_word' id='word_1_252' title='bbox 1138 1823 1273 1863; x_wconf 80' lang='lat' dir='ltr'>mereri,</span> <span class='ocrx_word' id='word_1_253' title='bbox 1296 1822 1450 1865; x_wconf 81' lang='lat' dir='ltr'>indicat,</span> <span class='ocrx_word' id='word_1_254' title='bbox 1469 1832 1536 1859; x_wconf 83' lang='lat' dir='ltr'>me&#39;·</span> 
     </span>
     <span class='ocr_line' id='line_1_48' title="bbox 858 1864 1535 1915; baseline 0.012 -18"><span class='ocrx_word' id='word_1_255' title='bbox 858 1866 922 1898; x_wconf 80' lang='lat' dir='ltr'>reri</span> <span class='ocrx_word' id='word_1_256' title='bbox 954 1866 1010 1898; x_wconf 83' lang='lat' dir='ltr'>hic</span> <span class='ocrx_word' id='word_1_257' title='bbox 1037 1864 1101 1898; x_wconf 80' lang='lat' dir='ltr'>effe</span> <span class='ocrx_word' id='word_1_258' title='bbox 1137 1866 1336 1911; x_wconf 80' lang='lat' dir='ltr'>simpliciter</span> <span class='ocrx_word' id='word_1_259' title='bbox 1371 1869 1535 1915; x_wconf 86' lang='lat' dir='ltr'>consequi</span> 
     </span>
     <span class='ocr_line' id='line_1_49' title="bbox 859 1909 1322 1956; baseline 0.011 -14"><span class='ocrx_word' id='word_1_260' title='bbox 859 1909 926 1943; x_wconf 82' lang='lat' dir='ltr'>sine</span> <span class='ocrx_word' id='word_1_261' title='bbox 955 1909 1106 1955; x_wconf 60' lang='lat' dir='ltr'>respetffit</span> <span class='ocrx_word' id='word_1_262' title='bbox 1125 1911 1322 1956; x_wconf 78' lang='lat' dir='ltr'>dignitatis.</span> 
     </span>
    </p>
   </div>
   <div class='ocr_carea' id='block_1_17' title="bbox 861 1976 1538 2475">
    <p class='ocr_par' dir='ltr' id='par_1_21' title="bbox 861 1976 1538 2475">
     <span class='ocr_line' id='line_1_50' title="bbox 907 1976 1535 2023; baseline 0.008 -14"><span class='ocrx_word' id='word_1_263' title='bbox 907 1976 952 2021; x_wconf 89' lang='lat'>96</span> <span class='ocrx_word' id='word_1_264' title='bbox 983 1979 1051 2010; x_wconf 75' lang='lat' dir='ltr'>Tua</span> <span class='ocrx_word' id='word_1_265' title='bbox 1065 1989 1138 2011; x_wconf 83' lang='lat' dir='ltr'>cura</span> <span class='ocrx_word' id='word_1_266' title='bbox 1159 1978 1272 2023; x_wconf 82' lang='lat' dir='ltr'>posuit</span> <span class='ocrx_word' id='word_1_267' title='bbox 1283 1990 1345 2023; x_wconf 90' lang='lat' dir='ltr'>pro</span> <span class='ocrx_word' id='word_1_268' title='bbox 1357 1982 1416 2013; x_wconf 74' lang='lat' dir='ltr'>tui.</span> <span class='ocrx_word' id='word_1_269' title='bbox 1437 1981 1535 2015; x_wconf 80' lang='lat' dir='ltr'>Dum</span> 
     </span>
     <span class='ocr_line' id='line_1_51' title="bbox 861 2020 1533 2065; baseline 0.007 -10"><span class='ocrx_word' id='word_1_270' title='bbox 861 2020 948 2061; x_wconf 84' lang='lat' dir='ltr'>tibi,</span> <span class='ocrx_word' id='word_1_271' title='bbox 972 2034 992 2057; x_wconf 88' lang='lat' dir='ltr'>o</span> <span class='ocrx_word' id='word_1_272' title='bbox 1011 2024 1120 2056; x_wconf 79' lang='lat' dir='ltr'>Roma</span> <span class='ocrx_word' id='word_1_273' title='bbox 1135 2051 1143 2065; x_wconf 86' lang='lat'>,</span> <span class='ocrx_word' id='word_1_274' title='bbox 1177 2023 1334 2065; x_wconf 88' lang='lat' dir='ltr'>consulit,</span> <span class='ocrx_word' id='word_1_275' title='bbox 1359 2035 1422 2058; x_wconf 77' lang='lat' dir='ltr'>tuae</span> <span class='ocrx_word' id='word_1_276' title='bbox 1445 2026 1533 2060; x_wconf 79' lang='lat' dir='ltr'>salu-</span> 
     </span>
     <span class='ocr_line' id='line_1_52' title="bbox 861 2067 1535 2113; baseline 0.004 -11"><span class='ocrx_word' id='word_1_277' title='bbox 861 2068 906 2102; x_wconf 78' lang='lat' dir='ltr'>tis</span> <span class='ocrx_word' id='word_1_278' title='bbox 927 2067 1011 2100; x_wconf 85' lang='lat' dir='ltr'>dum</span> <span class='ocrx_word' id='word_1_279' title='bbox 1041 2068 1209 2102; x_wconf 84' lang='lat' dir='ltr'>rationem</span> <span class='ocrx_word' id='word_1_280' title='bbox 1243 2068 1345 2103; x_wconf 77' lang='lat' dir='ltr'>habet</span> <span class='ocrx_word' id='word_1_281' title='bbox 1374 2071 1535 2113; x_wconf 78' lang='lat' dir='ltr'>Stilicho,</span> 
     </span>
     <span class='ocr_line' id='line_1_53' title="bbox 863 2113 1537 2160; baseline 0.006 -14"><span class='ocrx_word' id='word_1_282' title='bbox 863 2113 986 2147; x_wconf 80' lang='lat' dir='ltr'>maluit</span> <span class='ocrx_word' id='word_1_283' title='bbox 1005 2113 1141 2146; x_wconf 83' lang='lat' dir='ltr'>inclusis</span> <span class='ocrx_word' id='word_1_284' title='bbox 1163 2115 1262 2148; x_wconf 86' lang='lat' dir='ltr'>Getis</span> <span class='ocrx_word' id='word_1_285' title='bbox 1281 2115 1371 2160; x_wconf 76' lang='lat' dir='ltr'>fugae</span> <span class='ocrx_word' id='word_1_286' title='bbox 1390 2116 1537 2151; x_wconf 80' lang='lat' dir='ltr'>occasio-</span> 
     </span>
     <span class='ocr_line' id='line_1_54' title="bbox 863 2157 1535 2206; baseline 0.004 -14"><span class='ocrx_word' id='word_1_287' title='bbox 863 2170 940 2192; x_wconf 86' lang='lat' dir='ltr'>nem</span> <span class='ocrx_word' id='word_1_288' title='bbox 969 2157 1139 2202; x_wconf 70' lang='lat' dir='ltr'>praebere,</span> <span class='ocrx_word' id='word_1_289' title='bbox 1172 2171 1215 2193; x_wconf 76' lang='lat' dir='ltr'>ne</span> <span class='ocrx_word' id='word_1_290' title='bbox 1243 2160 1433 2206; x_wconf 72' lang='lat' dir='ltr'>desperatio</span> <span class='ocrx_word' id='word_1_291' title='bbox 1454 2162 1535 2195; x_wconf 83' lang='lat' dir='ltr'>illos</span> 
     </span>
     <span class='ocr_line' id='line_1_55' title="bbox 862 2202 1536 2250; baseline 0.004 -13"><span class='ocrx_word' id='word_1_292' title='bbox 862 2204 899 2238; x_wconf 92' lang='lat' dir='ltr'>in</span> <span class='ocrx_word' id='word_1_293' title='bbox 940 2202 1070 2237; x_wconf 77' lang='lat' dir='ltr'>rabiem</span> <span class='ocrx_word' id='word_1_294' title='bbox 1101 2215 1267 2247; x_wconf 86' lang='lat' dir='ltr'>verteret,</span> <span class='ocrx_word' id='word_1_295' title='bbox 1311 2207 1536 2250; x_wconf 85' lang='lat' dir='ltr'>perniciosam</span> 
     </span>
     <span class='ocr_line' id='line_1_56' title="bbox 863 2249 1534 2286; baseline 0.004 -3"><span class='ocrx_word' id='word_1_296' title='bbox 863 2249 951 2283; x_wconf 82' lang='lat' dir='ltr'>forte</span> <span class='ocrx_word' id='word_1_297' title='bbox 980 2250 1145 2283; x_wconf 79' lang='lat' dir='ltr'>Romanis</span> <span class='ocrx_word' id='word_1_298' title='bbox 1167 2249 1332 2284; x_wconf 77' lang='lat' dir='ltr'>futuram.</span> <span class='ocrx_word' id='word_1_299' title='bbox 1382 2251 1534 2286; x_wconf 83' lang='lat' dir='ltr'>Honesta</span> 
     </span>
     <span class='ocr_line' id='line_1_57' title="bbox 864 2293 1538 2342; baseline 0.004 -13"><span class='ocrx_word' id='word_1_300' title='bbox 864 2293 1063 2340; x_wconf 79' lang='lat' dir='ltr'>&amp;speciosa</span> <span class='ocrx_word' id='word_1_301' title='bbox 1091 2295 1223 2338; x_wconf 80' lang='lat' dir='ltr'>oratio,</span> <span class='ocrx_word' id='word_1_302' title='bbox 1254 2308 1359 2340; x_wconf 79' lang='lat' dir='ltr'>quam</span> <span class='ocrx_word' id='word_1_303' title='bbox 1389 2298 1538 2342; x_wconf 79' lang='lat' dir='ltr'>popula-</span> 
     </span>
     <span class='ocr_line' id='line_1_58' title="bbox 864 2337 1536 2386; baseline 0.003 -13"><span class='ocrx_word' id='word_1_304' title='bbox 864 2351 915 2373; x_wconf 76' lang='lat' dir='ltr'>res</span> <span class='ocrx_word' id='word_1_305' title='bbox 943 2339 1008 2372; x_wconf 87' lang='lat' dir='ltr'>mei</span> <span class='ocrx_word' id='word_1_306' title='bbox 1040 2337 1190 2374; x_wconf 76' lang='lat' dir='ltr'>breviter</span> <span class='ocrx_word' id='word_1_307' title='bbox 1223 2341 1536 2386; x_wconf 80' lang='lat' dir='ltr'>comprehendunt,</span> 
     </span>
     <span class='ocr_line' id='line_1_59' title="bbox 863 2386 1537 2432; baseline 0.006 -12"><span class='ocrx_word' id='word_1_308' title='bbox 863 2386 1014 2429; x_wconf 69' lang='lat' dir='ltr'>Fugiemi</span> <span class='ocrx_word' id='word_1_309' title='bbox 1032 2386 1109 2426; x_wconf 82' lang='lat' dir='ltr'>hosti</span> <span class='ocrx_word' id='word_1_310' title='bbox 1125 2396 1254 2431; x_wconf 80' lang='lat' dir='ltr'>pontem</span> <span class='ocrx_word' id='word_1_311' title='bbox 1275 2387 1537 2432; x_wconf 75' lang='lat' dir='ltr'>substernendum</span> 
     </span>
     <span class='ocr_line' id='line_1_60' title="bbox 862 2432 1085 2475; baseline 0 -11"><span class='ocrx_word' id='word_1_312' title='bbox 862 2432 918 2475; x_wconf 77' lang='lat' dir='ltr'>effe</span> <span class='ocrx_word' id='word_1_313' title='bbox 946 2442 1085 2465; x_wconf 73' lang='lat' dir='ltr'>aureum.</span> 
     </span>
    </p>
   </div>
   <div class='ocr_carea' id='block_1_18' title="bbox 862 2496 1538 2769">
    <p class='ocr_par' dir='ltr' id='par_1_22' title="bbox 862 2496 1538 2769">
     <span class='ocr_line' id='line_1_61' title="bbox 910 2496 1536 2542; baseline 0.01 -14"><span class='ocrx_word' id='word_1_314' title='bbox 910 2507 956 2542; x_wconf 85' lang='lat'>99</span> <span class='ocrx_word' id='word_1_315' title='bbox 979 2498 1167 2541; x_wconf 69' lang='lat' dir='ltr'>Compar-at</span> <span class='ocrx_word' id='word_1_316' title='bbox 1197 2496 1289 2530; x_wconf 88' lang='lat' dir='ltr'>inter</span> <span class='ocrx_word' id='word_1_317' title='bbox 1314 2497 1344 2531; x_wconf 88' lang='lat' dir='ltr'>se</span> <span class='ocrx_word' id='word_1_318' title='bbox 1362 2498 1432 2533; x_wconf 84' lang='lat' dir='ltr'>haec</span> <span class='ocrx_word' id='word_1_319' title='bbox 1452 2499 1536 2542; x_wconf 85' lang='lat' dir='ltr'>duo,</span> 
     </span>
     <span class='ocr_line' id='line_1_62' title="bbox 862 2542 1538 2585; baseline 0.004 -10"><span class='ocrx_word' id='word_1_320' title='bbox 862 2542 1134 2575; x_wconf 87' lang='lat' dir='ltr'>Internecionem</span> <span class='ocrx_word' id='word_1_321' title='bbox 1165 2544 1355 2585; x_wconf 74' lang='lat' dir='ltr'>Get-arum,</span> <span class='ocrx_word' id='word_1_322' title='bbox 1396 2545 1538 2578; x_wconf 85' lang='lat' dir='ltr'>Pericu-</span> 
     </span>
     <span class='ocr_line' id='line_1_63' title="bbox 864 2585 1537 2634; baseline 0.004 -13"><span class='ocrx_word' id='word_1_323' title='bbox 864 2588 937 2621; x_wconf 85' lang='lat' dir='ltr'>lum</span> <span class='ocrx_word' id='word_1_324' title='bbox 974 2589 1089 2620; x_wconf 84' lang='lat' dir='ltr'>Romae</span> <span class='ocrx_word' id='word_1_325' title='bbox 1120 2585 1161 2620; x_wconf 63' lang='lat' dir='ltr'>ab</span> <span class='ocrx_word' id='word_1_326' title='bbox 1189 2587 1331 2621; x_wconf 82' lang='lat' dir='ltr'>illorum</span> <span class='ocrx_word' id='word_1_327' title='bbox 1359 2589 1537 2634; x_wconf 76' lang='lat' dir='ltr'>desperato</span> 
     </span>
     <span class='ocr_line' id='line_1_64' title="bbox 865 2632 1537 2677; baseline 0.003 -11"><span class='ocrx_word' id='word_1_328' title='bbox 865 2633 1009 2677; x_wconf 85' lang='lat' dir='ltr'>impetu.</span> <span class='ocrx_word' id='word_1_329' title='bbox 1055 2634 1137 2667; x_wconf 85' lang='lat' dir='ltr'>Haec</span> <span class='ocrx_word' id='word_1_330' title='bbox 1165 2632 1187 2665; x_wconf 83' lang='lat' dir='ltr'>sl</span> <span class='ocrx_word' id='word_1_331' title='bbox 1217 2633 1253 2668; x_wconf 82' lang='lat' dir='ltr'>in</span> <span class='ocrx_word' id='word_1_332' title='bbox 1282 2632 1451 2668; x_wconf 80' lang='lat' dir='ltr'>bilancem</span> <span class='ocrx_word' id='word_1_333' title='bbox 1473 2636 1537 2668; x_wconf 85' lang='lat' dir='ltr'>im·-</span> 
     </span>
     <span class='ocr_line' id='line_1_65' title="bbox 865 2679 1537 2723; baseline 0.007 -13"><span class='ocrx_word' id='word_1_334' title='bbox 865 2687 1061 2723; x_wconf 81' lang='lat' dir='ltr'>ponantur,</span> <span class='ocrx_word' id='word_1_335' title='bbox 1087 2688 1156 2711; x_wconf 90' lang='lat' dir='ltr'>non</span> <span class='ocrx_word' id='word_1_336' title='bbox 1185 2679 1270 2711; x_wconf 86' lang='lat' dir='ltr'>tanti</span> <span class='ocrx_word' id='word_1_337' title='bbox 1304 2680 1468 2723; x_wconf 79' lang='lat' dir='ltr'>ponderis</span> <span class='ocrx_word' id='word_1_338' title='bbox 1490 2679 1537 2715; x_wconf 89' lang='lat' dir='ltr'>est</span> 
     </span>
     <span class='ocr_line' id='line_1_66' title="bbox 865 2723 1447 2769; baseline 0.007 -14"><span class='ocrx_word' id='word_1_339' title='bbox 865 2724 984 2769; x_wconf 66' lang='lat' dir='ltr'>prim,</span> <span class='ocrx_word' id='word_1_340' title='bbox 1016 2732 1055 2756; x_wconf 87' lang='lat' dir='ltr'>ut</span> <span class='ocrx_word' id='word_1_341' title='bbox 1077 2723 1246 2767; x_wconf 81' lang='lat' dir='ltr'>posterius</span> <span class='ocrx_word' id='word_1_342' title='bbox 1277 2723 1447 2759; x_wconf 77' lang='lat' dir='ltr'>subeatur.</span> 
     </span>
    </p>
   </div>
  </div>
 </body>
</html>
