1696 2942
284 139 367 184 644

588 131 678 174 CL.
718 129 1103 173 CLAUDIANI
1141 129 1258 174 XLV

305 233 411 275 Fixa
433 236 583 272 manet.
614 229 768 269 crebris
800 236 1034 284 propugnat
1063 228 1237 283 jastibus
1258 228 1380 276 ultro,

306 308 361 348 Et
381 307 504 358 longe
525 303 593 343 sua
627 303 808 343 membra
832 304 959 357 regit,
989 310 1222 358 tortumque
1250 317 1323 359 per
1346 301 1463 344 auras

196 396 245 423 20

314 381 464 423 Evolat
497 375 660 417 excufl'o
684 378 871 417 nativum
898 375 1039 417 missile
1074 384 1208 431 tergo.

308 450 520 494 Interdum
553 449 718 503 fugiens
749 449 991 490 Parthorum
1034 463 1148 489 more
1177 449 1412 504 sequentem

309 524 538 567 Vulnerat:
570 523 775 563 interdum
791 552 801 570 ‚
831 521 973 577 positis
997 523 1111 562 velut
1131 522 1274 562 ordine
1293 522 1444 571 castris,

310 599 350 640 T
353 596 562 639 errificum
594 597 714 638 densa
740 611 984 638 mucronum
1015 598 1202 638 verberat
1231 598 1351 646 unda,

308 675 364 716 Et
395 673 707 727 consanguineis
740 673 948 713 hastilibus
978 672 1131 727 asperat
1161 685 1308 712 armos·

204 763 246 802 ας
311 750 464 791 Militat
495 762 617 789 omne
640 749 738 789 ferae
764 761 932 802 corpus,
963 749 1200 802 vibrataque
1231 761 1353 788 rauco

318 824 456 878 Terga
484 823 644 876 fragore
666 823 820 864 sonant.

880 822 1065 864 Stimulis
1097 822 1261 864 accensa
1288 822 1477 863 tubarum

319 899 499 952 Agmina
521 891 683 938 collatis
708 899 847 938 credas
873 898 1098 952 confligere
1119 896 1256 952 fignis.

321 970 480 1011 Tantus
505 971 547 1010 in
580 969 749 1025 angusto
775 970 966 1025 strepitus
997 971 1110 1012 furit.
1163 969 1338 1011 Additur
1361 968 1482 1009 armis

328 1043 562 1089 Calliditas,
609 1043 830 1098 parcusque
876 1044 933 1084 sui
974 1052 1133 1090 tumor,
1186 1043 1325 1098 iraque
1369 1048 1589 1098 numquam

212 1133 259 1169 ΞΟ

322 1119 496 1172 Prodiga
517 1119 719 1166 telorum,
750 1128 868 1160 caute
903 1127 1096 1160 contenta
1127 1119 1285 1165 minari,

324 1194 414 1237 Nec
442 1191 515 1234 nifi
546 1193 751 1235 servandae
775 1193 909 1249 janus
937 1195 1174 1251 impendere
1204 1195 1315 1234 vitae.

241 1372 278 1406 18
303 1374 485 1411 oppugnat
508 1365 588 1408 conj.
606 1366 720 1410 Heius.

790 1375 828 1411 19
851 1366 938 1410 tegit
949 1368 1049 1402 MSS.
1061 1367 1260 1418 quodlplacet
1270 1364 1380 1398 Barth.

1469 1267 1596 1309 Error

1450 1372 1486 1405 23
1499 1374 1576 1396 mu-

240 1422 386 1445 cronum
402 1413 478 1445 MS.
510 1421 714 1445 mucronum
733 1411 910 1446 everberat
928 1415 980 1445 vel
999 1423 1172 1445 mucronis
1190 1409 1344 1444 verberat
1368 1410 1575 1452 conj.Heinfi

243 1466 443 1491 mucronem
458 1457 545 1490 editi.

613 1466 650 1496 25
673 1457 875 1501 virgamque
886 1458 965 1499 conj.
979 1458 1088 1491 Barth.

1158 1466 1194 1498 27
1217 1467 1272 1500 pro
1282 1455 1398 1500 fignis,
1409 1454 1484 1487 telis
1497 1455 1573 1488 MS.

567 1511 608 1546 29
631 1501 736 1536 timor
753 1505 842 1547 vulg.
866 1513 982 1536 tumor
1001 1504 1128 1536 debetur
1146 1503 1258 1545 Heius.

270 1596 308 1629 19
333 1586 455 1619 Aculei
467 1585 542 1620 sunt
560 1588 696 1621 membra
715 1586 885 1632 hystricis.

224 1632 307 1666 Haec
334 1633 418 1675 regit
449 1632 549 1665 etiam
580 1633 616 1665 in
636 1633 883 1677 longinquum,

225 1675 299 1710 h.e.
320 1676 441 1721 dirigit
472 1678 508 1710 in
529 1678 644 1711 locum
666 1677 884 1718 destinatum,

226 1721 400 1756 collincat.
448 1722 596 1756 Videtur
610 1723 672 1756 hoe
690 1733 807 1756 verum
821 1722 884 1756 effe

254 1764 321 1800 osse
356 1765 539 1808 haetenus,
577 1777 616 1801 ut
648 1769 794 1811 impetus
827 1768 885 1802 ille

255 1813 400 1845 orrentis
420 1813 575 1856 corporis
605 1812 776 1856 dirigatur
809 1824 885 1846 ver-

230 1855 285 1890 sus
313 1857 428 1890 locum
457 1859 549 1891 unde
580 1858 633 1891 vis
660 1859 821 1901 ingruit,
845 1868 884 1891 ut

231 1912 355 1935 canum
384 1903 468 1947 pili,
502 1903 537 1936 ἃ
563 1904 691 1947 pluma:
713 1903 884 1947 gallorum

229 1946 520 1990 gallinaceorum,
544 1948 673 1981 collum
695 1947 886 1990 vestientes,

228 1991 414 2035 eriguntur
440 1993 475 2025 ἃ
507 1992 646 2027 horrent
673 1993 786 2027 versus
805 2005 886 2027 eum

229 2035 266 2070 in
310 2047 411 2078 quem
455 2038 623 2082 impetum
667 2038 917 2073 meditantur„

230 2080 490 2115 Confidicenda
515 2083 557 2116 ad
570 2089 666 2125 45,8.

278 2135 322 2159 20
358 2128 520 2168 Excuffum
550 2137 674 2171 tergum
710 2128 805 2162 omni
848 2128 883 2162 vi

229 2169 451 2212 concussum,
492 2181 531 2204 ut
561 2183 681 2213 exeat,
713 2173 887 2218 quidquid

230 2225 403 2249 maturum
425 2215 471 2249 est
490 2216 532 2249 ad
542 2217 796 2252 excutiendum.

276 2271 309 2295 21
335 2261 504 2295 Consueta
532 2262 665 2295 Parthis
705 2263 886 2307 pugnandi

231 2306 342 2347 ratio,
367 2306 409 2339 ad
429 2318 532 2351 quam
554 2307 635 2340 alias
655 2308 756 2341 etiam
777 2307 889 2342 noster

231 2351 379 2396 respicit.

276 2406 314 2431 22
338 2397 517 2442 Qicaftra
531 2407 668 2441 ponunt,
692 2397 741 2430 illi
763 2396 887 2431 adbel-

227 2440 301 2476 lum
339 2441 370 2476 se
406 2442 532 2486 justum
562 2454 599 2477 ae
634 2442 758 2476 serium
794 2455 887 2477 com-

226 2497 358 2531 parant.

271 2541 308 2574 23
346 2535 532 2576 Terrificum
562 2533 748 2577 quiddam,
779 2534 885 2575 δεινόν,

224 2578 388 2618 verberat,
434 2579 465 2611 h.
496 2590 522 2611 e.
555 2579 673 2612 collisu
708 2578 883 2623 spinarum

223 2618 358 2655 suarum
387 2623 526 2668 strepit:
559 2624 661 2667 quale
682 2624 767 2668 quid
794 2636 880 2668 quo-

220 2665 309 2700 tidie
352 2668 433 2701 licet
461 2668 660 2710 observare,
704 2669 740 2702 in
768 2670 882 2703 Gallis

221 2719 308 2756 quos
338 2712 476 2751 Indicos
506 2714 612 2763 vulgo
642 2725 803 2750 vocamus
830 2715 883 2749 vel

940 1587 1177 1629 Calecuticos‚
1236 1586 1296 1632 qui
1332 1597 1411 1620 cum
1452 1583 1596 1628 strepitu

939 1633 1091 1677 quodam
1111 1633 1290 1677 &crepitu
1311 1641 1420 1665 rotare
1439 1630 1598 1670 caudam,

941 1679 976 1712 δι
997 1679 1149 1723 erigere,
1187 1676 1362 1722 quidquid
1391 1676 1447 1709 vel
1476 1675 1599 1719 pinna-

940 1734 1017 1756 rum
1055 1724 1110 1757 vel
1144 1723 1342 1768 plumarum
1375 1719 1440 1761 est,
1478 1719 1598 1754 solent.

941 1771 1044 1802 Hunc
1070 1768 1180 1801 statim
1207 1777 1335 1801 raucum
1353 1768 1518 1809 fragorem
1537 1774 1598 1808 ap-

942 1814 1057 1858 pellat.
1110 1814 1201 1846 Unda
1222 1823 1402 1846 mucronum
1416 1808 1461 1842 est
1481 1818 1596 1859 motus

943 1859 1098 1892 omnium
1133 1857 1231 1891 simul
1258 1857 1479 1895 aculeorum,
1513 1865 1599 1887 reci-

941 1914 1068 1948 procus
1099 1902 1302 1948 praesertim,
1342 1911 1378 1934 ut
1405 1911 1481 1933 cum
1509 1898 1598 1942 sege-

942 1960 1010 1981 tem
1034 1959 1158 1982 ventus
1172 1948 1330 1992 impellit,
1353 1947 1404 1979 vel
1425 1945 1598 1978 exercitus

943 1992 1105 2028 subrectis
1126 1994 1228 2026 armis
1247 2002 1416 2026 movetur.
1583 2002 1586 2004 ’

988 2049 1028 2081 24
1067 2040 1302 2082 Confimguinea
1327 2037 1448 2079 hastilia
1477 2045 1517 2068 ex
1543 2045 1599 2068 eo-

942 2084 1021 2117 dem
1040 2085 1145 2118 unius
1155 2083 1313 2117 animalis
1324 2082 1491 2127 {anguine
1506 2089 1594 2120 orta,

940 2129 976 2162 ἃ
997 2129 1117 2163 similia
1144 2129 1240 2162 adeo.

985 2184 1029 2218 29
1059 2177 1175 2208 Tumor
1203 2184 1307 2218 quam
1337 2169 1477 2217 pulchre
1503 2169 1597 2211 dica-

940 2228 999 2252 tur
1027 2219 1130 2252 ira&
1171 2219 1205 2252 in
1247 2218 1310 2251 hoc
1344 2215 1505 2256 animali,
1557 2214 1593 2248 &

939 2264 975 2296 in
1011 2264 1182 2308 plerisque
1211 2263 1391 2301 videmus,
1427 2271 1503 2304 quae
1533 2270 1594 2292 au·—

940 2319 1066 2352 gentur
1086 2336 1095 2350 ,
1135 2308 1300 2342 inflantur
1319 2335 1328 2349 ‚
1366 2304 1596 2340 intumescunt

937 2353 979 2386 ab
1003 2355 1063 2387 ira.

986 2410 1015 2441 3¹
1050 2396 1198 2433 Venuste
1234 2396 1332 2442 poffir
1371 2395 1498 2440 aliquis
1527 2393 1593 2428 hoc

937 2443 1033 2477 versu
1064 2444 1139 2485 uti,
1169 2442 1211 2476 ad
1244 2441 1470 2485 indicandum
1506 2438 1595 2472 illud

939 2489 1033 2533 quod
1073 2489 1255 2533 inculpatae
1289 2487 1403 2521 tutelae
1440 2485 1594 2519 modera-

941 2546 1018 2568 men
1059 2544 1183 2568 vocant
1216 2531 1424 2577 Philosophi.
1485 2530 1593 2580 Ῐζεᾶς

936 2579 1011 2613 sane
1048 2580 1150 2613 armis
1178 2579 1228 2612 uti
1258 2579 1352 2611 dicas
1389 2587 1488 2616 eum,
1530 2585 1591 2618 qux

941 2629 1017 2659 Non
1036 2628 1094 2667 nifi
1114 2626 1281 2668 firvandae
1308 2624 1384 2656 vitae
1407 2621 1494 2656 iE’tus
1512 2620 1591 2654 illo·

938 2681 1015 2704 rum
1039 2671 1074 2705 &
1095 2671 1238 2705 vulnera
1264 2669 1436 2714 impendat.
