1696 2942
384 104 458 147 DE
487 103 562 149 VL
618 104 800 149 CONS.
858 106 1095 153 HONOR

1344 123 1411 162 4⁵1

224 201 404 250 Consiua,
432 202 694 258 subnixasque
721 204 833 259 jugis
862 206 1103 246 immanibus
1132 207 1256 254 aedes,

112 286 158 324 50
223 275 420 316 Naturam
442 276 673 319 cumulante
697 291 817 318 manu
831 291 842 325 ;
882 278 1098 333 spoliisque
1120 279 1318 321 micantes

218 351 462 392 Innumeros
492 365 620 392 arcus.

682 353 805 393 Acies
836 353 968 407 stupet
995 356 1092 409 igne
1122 355 1289 403 metalli,

219 424 273 464 Et
295 424 535 465 circumfuso
566 426 771 479 trepidans
799 425 1036 467 obtunditur
1068 441 1181 468 auro.

217 494 464 548 Agnoscisne
484 503 600 544 tuos,
631 497 823 552 Princeps
852 500 1103 547 xenerande,
1132 500 1337 543 Penates?

218 566 319 607 Haec
339 566 451 615 sunt,
477 581 571 621 quae
592 569 734 622 primis
761 569 862 608 olim
883 570 1050 610 miratus
1071 571 1114 610 in
1136 573 1266 620 annis,

106 650 148 690 5‘3
212 640 329 681 Patre
350 642 420 696 pio
445 642 711 690 monstrante,
739 643 860 696 petis.

918 643 989 684 Nil
1007 646 1186 698 optimus
1205 647 1278 688 ille

212 714 414 755 Divorum
452 722 541 755 toto
578 715 727 755 meruit
764 715 925 755 felicius
954 728 1059 763 aevo,

217 790 350 838 Quam
371 789 479 844 quod
501 789 712 829 Romuleis
737 786 867 829 vietor
893 789 962 829 sub
991 791 1198 831 moenibus
1230 793 1316 848 egit

216 864 281 905 Te
313 864 496 904 consorte
521 864 631 910 dies,
661 863 822 906 curruse
852 864 1089 904 melioribus
1116 866 1267 906 addens

225 937 434 990 Exemplis
447 965 458 984 ,
487 938 620 977 civem
643 943 806 991 gereret
827 943 984 976 terrore
1004 946 1178 985 remoto,

103 1014 153 1051 60

219 1010 415 1051 Alternos
444 1023 537 1050 curu
567 1009 685 1063 plebe
702 1009 820 1063 jocos
842 1008 1070 1063 dilectaque
1088 1009 1223 1063 passus

208 1083 360 1137 Jurgia,
390 1083 655 1138 patriciasque
677 1085 841 1131 domos,
869 1084 1104 1138 privataque
1128 1082 1267 1138 passim

213 1157 357 1202 Visere
381 1156 561 1212 deposito
594 1158 783 1213 dignatus
810 1158 952 1198 limina
980 1157 1094 1199 fastu.
1406 1191 1411 1211 ,

215 1231 406 1273 Publicus
430 1231 527 1272 hinc
548 1232 718 1272 ardescit
751 1245 884 1279 amor,
914 1244 1009 1272 cum
1029 1231 1211 1273 moribus
1240 1232 1369 1288 aequis

213 1308 390 1349 Inclinat
427 1307 582 1362 populo
611 1308 748 1362 regale
778 1307 971 1349 modestia
998 1307 1175 1357 culmen,

758 1381 875 1424 Ff2

150 1504 183 1539 51
207 1497 397 1532 innumeris
416 1499 496 1542 conj.
514 1500 629 1542 Heius.

299 1574 401 1607 marg.
424 1564 534 1596 Plant.
553 1574 654 1607 marg.

149 1678 194 1713 49
216 1669 300 1715 Qae
313 1668 394 1712 J'uga
413 1669 564 1702 immania
585 1670 685 1712 po'e'ta
705 1679 766 1702 vo-

101 1723 156 1748 cat
176 1714 301 1758 quibus
323 1715 475 1757 ficbnixas
500 1714 579 1746 aedes
607 1712 765 1754 celebrat,

101 1759 170 1793 illae
192 1758 268 1792 sunt
291 1760 410 1802 iufimae
423 1759 765 1801 fitbfirufbiommmno-

101 1807 146 1838 les
167 1806 230 1847 (ut
248 1814 346 1838 vocat
366 1804 440 1837 Cic.
461 1815 523 1848 pro
552 1803 650 1836 Milo.
672 1815 699 1837 c.
719 1813 765 1838 20

100 1849 137 1882 &
165 1850 222 1891 3¹)
273 1860 419 1893 quarum
466 1847 569 1882 hodie
591 1848 768 1882 'miramur

99 1905 181 1928 cum
199 1893 339 1927 horrore
359 1893 508 1938 quod-am
529 1893 702 1936 reliquias.

149 1949 194 1979 50
237 1942 402 1973 Cumulare
429 1938 474 1972 est
507 1939 639 1983 aliquid
670 1939 762 1972 ultra

104 1984 232 2027 justum
259 1984 399 2017 modum
421 1983 678 2027 mensuramque
705 1985 764 2017 ad-

100 2029 215 2072 jicere.
290 2029 432 2062 Excelfis
474 2027 621 2062 collibus
650 2028 763 2073 super-

100 2073 263 2116 impositae
290 2075 395 2107 moles
415 2072 651 2107 aedificiorum.

148 2129 182 2159 51
208 2123 347 2153 Arcuum
373 2118 637 2163 triumphalium
657 2130 694 2152 ex
713 2129 765 2152 re-

99 2164 224 2207 liquiis
253 2163 275 2198 s.
304 2162 512 2205 ruderibus,
546 2165 765 2208 numinisque

100 2209 337 2243 restitutorum
383 2209 628 2254 contemplatio
672 2208 763 2253 apud

103 2255 337 2299 antiquarios,
380 2256 422 2288 V.
459 2256 501 2288 G.
539 2252 664 2288 Montf.
687 2253 721 2293 6,
744 2264 761 2296 3

100 2298 205 2333 fidem
231 2299 416 2334 Claudiani
445 2298 568 2334 firmat.
590 2299 692 2333 Conf.
710 2299 766 2333 hic

100 2353 154 2389 24,
167 2344 224 2378 66.

149 2400 190 2432 54
214 2390 315 2424 Ponit
335 2392 435 2434 poeta
448 2417 457 2431 ,
477 2388 608 2425 neseio,
639 2400 683 2421 an
699 2387 767 2421 suf-

100 2433 256 2479 fragante
276 2434 431 2475 historia,
454 2434 508 2468 hie
528 2436 562 2468 ἃ
582 2445 660 2467 mox
680 2440 764 2473 v.82

106 2481 265 2514 Honorio
291 2491 398 2525 puero
434 2480 479 2512 ita
509 2478 670 2524 placuiss'e
695 2481 764 2513 Ro-

106 2535 241 2558 manam
268 2525 389 2560 urbem
420 2525 455 2558 δι
475 2525 664 2564 Palatium,
689 2535 728 2557 ut
747 2535 766 2557 a

103 2569 295 2607 Theodosio
334 2580 449 2616 patre,
496 2580 574 2603 cum
603 2570 643 2603 de
675 2569 767 2603 divi-

109 2614 224 2652 dendo
242 2619 330 2651 inter
349 2616 457 2661 ipsum
473 2614 682 2660 fratremque
701 2616 765 2649 im—

105 2663 202 2704 perio
232 2672 406 2710 ageretur,
449 2661 672 2697 Occidentem
704 2659 766 2697 fibi

1338 1380 1483 1436 Teque

741 1507 782 1538 55
804 1496 1011 1532 monstrante
1032 1498 1103 1531 vias
1121 1499 1214 1531 Vien.
1238 1510 1340 1542 marg.
1371 1499 1442 1541 Bas:

745 1571 785 1604 57
811 1573 914 1607 quam
935 1572 1023 1606 quos
1043 1562 1123 1603 conj.
1145 1563 1261 1604 Heinfi

820 1677 1006 1714 expeteret.
1063 1669 1223 1701 Ceterum
1253 1666 1296 1700 ab
1324 1666 1393 1701 illis
1414 1669 1488 1711 prie

822 1725 884 1747 mae
937 1712 1091 1757 pueritiae
1145 1722 1209 1746 tem
1241 1712 1359 1746 oribus
1402 1713 1464 1746 ind

823 1759 864 1792 ad
885 1758 975 1792 hune
994 1756 1122 1791 sextum
1141 1768 1205 1791 con
1223 1759 1353 1791 uiarum
1373 1756 1484 1791 suum,

820 1806 935 1837 Roma:
961 1803 1060 1836 illum
1090 1813 1158 1837 non
1188 1801 1304 1842 fuisse,
1343 1814 1385 1836 ex
1411 1804 1484 1837 Go-

820 1847 1036 1883 tliofrediana
1077 1847 1300 1892 chronologia
1342 1847 1482 1891 legum,

822 1895 858 1928 ἃ
882 1893 945 1927 hoe
964 1892 1034 1937 ipso
1062 1896 1170 1938 poetae
1197 1893 1272 1926 Ioco
1295 1892 1333 1925 fit
1351 1893 1421 1926 reri
1443 1893 1482 1925 fi-

818 1939 908 1973 mile.
950 1938 1069 1972 Romae
1097 1947 1210 1971 autem
1231 1937 1302 1982 egit
1322 1937 1482 1971 Theodo-

818 1984 904 2026 fius,
950 1993 990 2017 ur
1038 1984 1137 2017 docet
1178 1983 1316 2016 laudata
1362 1983 1481 2026 legum

815 2028 1040 2073 chronologia
1072 2028 1114 2062 A.
1134 2030 1173 2062 C.
1192 2032 1266 2072 539Ι
1289 2028 1361 2072 post
1388 2028 1484 2061 devi-

817 2075 908 2108 &um
937 2074 1128 2107 Maximum
1156 2075 1371 2117 Tyrannum.

862 2126 903 2160 58
927 2122 1064 2153 Meliora
1095 2120 1230 2162 exempla
1266 2128 1365 2152 vocat
1397 2116 1482 2151 Tra-

817 2165 887 2208 jani
908 2164 1091 2209 praesertim
1117 2164 1153 2198 &
1182 2163 1376 2208 primorum
1410 2164 1483 2196 An-

816 2210 1025 2244 toninorum.

865 2254 914 2289 60
938 2257 1088 2288 Alternus
1106 2254 1192 2296 jocos
1211 2253 1247 2287 &
1273 2254 1384 2287 dileffla
1408 2255 1484 2295 jnr-

818 2301 875 2344 gia
912 2299 1086 2333 referenda
1132 2298 1270 2332 videtur
1306 2299 1348 2331 ad
1385 2299 1482 2332 illam

820 2345 901 2378 circi
945 2345 980 2378 ἃ
1017 2343 1286 2389 spe&nculorum
1333 2343 1490 2377 aliorum·

819 2389 1023 2423 libertatem.
1071 2389 1135 2422 Sed
1165 2390 1267 2422 etiam
1301 2388 1337 2420 in
1363 2389 1482 2421 convi-

819 2436 878 2469 vio
888 2436 1018 2477 jocandi
1035 2437 1209 2467 libertatem
1222 2444 1289 2467 non
1304 2435 1482 2476 permzffizm

821 2480 925 2515 modo
957 2479 998 2513 ab
1038 2477 1215 2523 Augusto,
1264 2476 1316 2511 sed
1344 2480 1481 2512 exaa‘lam

820 2536 959 2570 quoque
991 2534 1103 2557 narrat
1116 2525 1230 2556 Sueto.
1251 2534 1277 2556 c.
1291 2528 1345 2566 98.
1373 2536 1375 2538 ·

865 2570 910 2612 64
933 2570 1083 2608 Modestia
1105 2567 1271 2612 principis
1291 2568 1427 2600 inclinat
1445 2578 1482 2602 ac

821 2615 973 2650 demittit
1002 2614 1208 2657 majestatem
1234 2611 1326 2647 suam
1353 2612 1395 2647 ad
1419 2624 1481 2658 po-

819 2663 953 2708 pulum.
