1696 2942
288 138 654 196 DE'TRAPTU
709 137 1221 200 PROSE'RP.LIB.1
1305 174 1365 210 531

189 251 410 299 Manibus,
452 248 495 290 ἃς
514 252 677 292 numeri
707 251 896 292 damnum
926 251 1162 307 Proserpina
1183 257 1333 308 pensat.

187 325 301 366 Hanc
321 324 446 370 fovet,
468 322 571 363 hanc
596 323 784 379 sequitur.
813 325 1076 368 vitulamnon
1087 327 1271 370 blandius
1293 333 1418 376 ambit

185 398 323 439 Torva
341 411 513 452 parens;
541 399 711 452 pedibus
737 413 828 454 quae
859 400 1042 441 nondum
1061 404 1235 455 proterit
1252 419 1360 456 arva,

186 475 274 516 Nec
303 487 409 515 nova
439 475 588 515 lunatae
626 477 812 516 curvavit
840 478 1024 530 germina
1055 477 1217 521 frontis.

76 560 138 596 ¹30

238 548 327 594 Jam
347 549 482 588 vicina
508 555 600 588 toro
629 549 763 602 plenis
793 550 1025 591 adoleverat
1053 553 1171 592 annis

184 621 435 675 Virginitas:
465 629 653 662 tenerum
675 621 758 675 jam
789 623 974 675 pronuba
1003 622 1164 666 flamma
1190 627 1390 681 pudorem

179 691 405 734 Sollicitat:
444 694 638 748 mistaque
668 694 807 734 tremit
834 694 1053 735 formidine
1082 704 1237 739 votum.

179 763 370 805 Personat
399 766 489 805 nula
519 766 667 818 procis.
702 765 854 818 pariter
890 779 965 819 pro
995 768 1156 821 virgine
1175 777 1336 814 certant

180 838 288 878 Mars
309 839 441 891 clipeo
460 838 629 883 melior,
678 836 858 877 Phoebus
885 837 1140 892 praestantior
1163 855 1273 883 arcu.

71 921 130 958 *35
172 909 280 950 Mars
302 911 424 950 donat
446 909 685 964 Rhodopen,
706 909 886 949 Phoebus
918 911 1090 966 largitur
1118 912 1329 970 Amyclas,

156 1124 219 1157 130
243 1123 376 1149 matura
399 1116 514 1158 Guelf.

112 1257 172 1292 126
195 1258 300 1300 Quod
325 1257 413 1292 deest
441 1269 584 1293 numero
601 1258 726 1294 libero-

66 1312 154 1343 rum,
167 1303 252 1335 illud
267 1304 393 1336 virtute
413 1304 447 1337 ἃ*
463 1304 725 1348 pulchritudine

65 1347 259 1393 compensat
297 1347 514 1392 Proserpina,
553 1360 627 1392 quae
654 1359 723 1382 una

68 1393 166 1425 matri
196 1393 306 1437 pluris
335 1392 390 1437 estg
409 1404 514 1437 quam
544 1395 722 1428 numerosa
756 1424 759 1428 .

68 1437 214 1471 suboles.

115 1489 168 1521 123
200 1485 304 1516 Torva
332 1483 511 1527 proprium
543 1494 628 1528 pene
648 1484 722 1528 epi-

67 1526 186 1560 theton
212 1527 315 1570 hujus
346 1529 490 1571 generis.
541 1532 646 1561 Torva
667 1530 724 1571 fa-

67 1574 129 1605 cies
149 1572 182 1605 in
212 1582 313 1606 tauro
333 1573 495 1606 laudatur
522 1574 724 1606 Coluinellae

68 1617 102 1658 6,
115 1628 169 1651 20.
213 1617 600 1661 Etipllv’ii·g.Ge.3,51
627 1619 724 1662 Opti-

69 1675 119 1696 mu
142 1672 241 1696 torvae
256 1664 366 1704 forma
376 1664 475 1696 bovis.
522 1664 635 1697 Decor
648 1664 726 1707 qui-

68 1709 148 1742 dam
178 1708 333 1751 poeticus
365 1707 430 1748 est,
476 1708 570 1752 quod
597 1719 725 1741 vaccam

12 1776 17 1780 .
70 1763 141 1794 non
183 1753 333 1796 appellat
372 1764 515 1786 1101111116
569 1754 722 1797 proprio.

70 1799 205 1832 Pedibus
223 1810 302 1830 arva
319 1799 459 1832 nondum
482 1800 630 1841 proterit,
650 1809 724 1841 quae

70 1845 192 1887 iugum
220 1842 374 1876 nondum
402 1841 492 1876 subit
521 1853 579 1876 aut
608 1843 726 1877 arandi

70 1887 169 1922 causa
190 1888 358 1931 jungitur.

88 1945 90 1947 ·
118 1943 179 1977 129
223 1935 307 1966 Rem
353 1932 541 1974 humilem,
587 1933 726 1976 quicum

71 1979 163 2012 Deas
199 1988 396 2021 comparare
442 1989 527 2021 pene
567 1979 727 2011 indecens

71 2032 164 2064 erat,
191 2022 330 2056 vieiflim
348 2023 502 2062 extollit,
527 2024 562 2057 ἃ
584 2022 726 2064 dignam

69 2068 128 2102 illa
154 2067 407 2112 comparatione
435 2078 602 2102 cornuum
624 2058 727 2101 illius

68 2125 147 2158 cum
159 2116 252 2146 Luna
271 2112 396 2146 reddit.
419 2114 634 2154 Hor.Car.4‚
647 2122 673 2145 2.
687 2122 727 2155 54

70 2169 158 2193 tener
177 2160 298 2191 vitulus
315 2173 344 2180 --
357 2160 472 2190 Fronte
490 2165 635 2190 curvatos
653 2160 726 2191 imi-

71 2213 155 2239 tatus
175 2205 265 2247 ignes
360 2204 507 2237 Tertium,
526 2205 627 2237 Lunae
645 2205 727 2245 refe-

71 2250 173 2282 rentis
191 2258 305 2282 ortum.

123 2304 184 2335 130
224 2296 357 2327 Matura
397 2302 463 2326 toro
508 2291 591 2326 mihi
617 2294 726 2338 inagis

73 2339 221 2384 placeret
257 2349 326 2372 non
352 2340 455 2372 modo
484 2348 623 2382 propter
650 2340 727 2372 Vir-

73 2385 239 2429 gilian-am
275 2383 502 2417 imit-ationem
533 2384 619 2417 Aen.
639 2394 669 2426 7,
689 2394 737 2426 53.

71 2432 152 2473 Jam
171 2437 295 2462 matura
310 2431 400 2469 viro,
428 2430 496 2470 jam
513 2431 616 2472 plenis
633 2431 725 2462 nubi-

73 2476 114 2508 lis
142 2476 254 2507 amn's:
303 2473 357 2507 secl
386 2474 467 2517 quia
494 2476 602 2506 vicina
630 2473 724 2507 aliud

73 2516 264 2563 significat,
301 2530 421 2563 nempe
459 2519 628 2563 puellam,
666 2520 724 2553 cui

73 2566 142 2608 jam
163 2573 327 2608 parantur
346 2564 484 2608 nuptiae.

122 2618 173 2650 131
198 2610 345 2642 Pronuba
360 2611 500 2651 flamma,
520 2609 612 2642 calor
623 2619 724 2642 natu-

74 2653 155 2686 ralis
192 2653 442 2693 adolescentiae,
489 2655 548 2697 qui
577 2653 723 2687 solicitat

75 2709 133 2732 eos
152 2697 328 2739 humores,
353 2698 483 2744 quibus
498 2700 540 2732 ad
559 2701 725 2734 Venerem

768 983 894 1025 le
1382 993 1439 1036 Et

607 1123 658 1158 ¹32
681 1115 779 1149 timet
793 1116 907 1159 Guelf.
957 1114 1112 1153 fremunt
1130 1140 1161 1148 -·
1177 1129 1258 1157 vota
1275 1124 1347 1168 Cuj.

781 1271 868 1304 opus
897 1259 962 1301 est,
993 1269 1095 1306 atque
1123 1263 1207 1298 adeo
1227 1264 1365 1301 suadere
1384 1270 1437 1305 vi-

780 1305 881 1339 detur
914 1306 1173 1342 matrimonium
1210 1321 1249 1344 ac
1285 1314 1438 1357 nuptias,

779 1350 872 1394 quod
898 1349 1028 1384 faciunt
1049 1353 1225 1396 pronubae.

825 1404 878 1437 132
909 1396 977 1441 Qi
1016 1398 1162 1441 cupiunt
1208 1400 1436 1446 veliementer,

778 1439 829 1474 illi
850 1441 918 1483 jam
938 1451 1090 1475 tremunt
1120 1442 1162 1477 ab
1188 1443 1250 1479 hoc
1270 1447 1341 1491 ipso
1355 1449 1436 1482 affe-

779 1484 853 1518 &uz
881 1487 990 1530 inagis
1011 1486 1134 1529 etiam,
1167 1489 1188 1522 si
1208 1491 1244 1522 in
1265 1503 1316 1532 eo,
1336 1493 1441 1537 quodt

780 1530 921 1574 cupias⁷
957 1530 994 1562 fit
1021 1532 1091 1565 alea
1120 1533 1156 1567 ἃ
1174 1536 1383 1579 periculum,
1411 1539 1435 1573 Γι

780 1575 893 1619 pudor
919 1575 1113 1617 adjundstus.

825 1629 889 1670 ¹32
915 1620 1089 1654 Decorum
1129 1622 1284 1659 observat
1322 1630 1436 1672 po'e'ta,

780 1675 859 1697 cum
880 1675 915 1697 111
933 1674 1123 1700 amatorum
1150 1670 1284 1704 recensu
1304 1674 1436 1708 omittit

780 1708 892 1754 ipsum
920 1710 1059 1752 Jovem,
1091 1713 1132 1745 de
1155 1716 1254 1757 cujus
1282 1717 1437 1752 inillam

781 1753 916 1787 incestis
943 1753 1120 1790 furoribus
1148 1757 1288 1794 obscena
1317 1761 1438 1798 fabula

781 1797 826 1832 est
865 1799 958 1844 apud
987 1800 1156 1842 Arnob.5
1190 1817 1222 1849 p.
1247 1816 1306 1848 171.
1367 1809 1435 1842 Sed

780 1853 891 1879 totum
910 1843 973 1878 hoc
991 1844 1033 1879 de
1052 1849 1166 1890 procis
1184 1861 1252 1883 non
1273 1852 1437 1897 antiquus

783 1889 921 1934 mythos
940 1889 1004 1930 est,
1029 1891 1316 1935 opin01·,'verum
1339 1909 1437 1932 exor-

781 1935 877 1968 natio
898 1935 933 1967 in
951 1938 1057 1979 po'e'tae
1075 1936 1178 1972 nostri
1199 1940 1339 1977 cerebro
1359 1954 1439 1978 nata

780 1979 991 2024 simpliciter.

828 2034 880 2066 ¹35
909 2027 1022 2058 Donat
1050 2028 1162 2069 Mars,
1200 2040 1368 2073 quantum
1397 2033 1436 2067 in

778 2068 809 2103 se
828 2070 885 2111 est,
909 2069 1036 2104 donare
1053 2072 1148 2113 vult,
1171 2075 1288 2109 offert:
1310 2076 1352 2110 fic
1371 2081 1437 2112 lar-

779 2117 872 2159 gitur
898 2115 1038 2159 Apollo.
1085 2118 1167 2152 Haec
1194 2119 1370 2156 observare
1399 2124 1437 2157 in

781 2158 911 2194 talibus
927 2161 1033 2202 locis,
1065 2173 1134 2196 non
1157 2163 1203 2196 est
1225 2167 1340 2211 magni
1362 2180 1437 2202 mo-

782 2205 909 2238 menti:
934 2204 988 2239 sed
1005 2208 1181 2242 interdum
1202 2210 1344 2245 illorum
1365 2225 1434 2246 me-

781 2248 916 2283 minisse
936 2250 1124 2285 consultum
1145 2253 1209 2294 est,
1244 2266 1283 2289 ut
1302 2268 1382 2291 cum
1400 2259 1436 2291 in

778 2295 968 2339 Evangelio
989 2297 1113 2342 Jo.1‚9
1138 2299 1269 2334 dicitur
1287 2302 1306 2333 o‘
1326 2305 1437 2346 λόγος

782 2342 911 2382 φωτίζει
936 2344 1046 2374 πάντα
1080 2344 1262 2386 ἄνθρωπον,
1285 2348 1338 2381 vel
1356 2359 1438 2381 ana·

781 2386 876 2429 logia
919 2387 1068 2430 quadam
1111 2399 1170 2423 aut
1206 2391 1438 2426 intercedente

780 2430 982 2475 Metaphora
1006 2435 1104 2466 Lucae
1129 2444 1159 2474 5,
1178 2436 1199 2468 6
1228 2438 1437 2480 διερῥήγνυτο

780 2478 822 2509 τό
854 2478 989 2509 δίκτυον.
1062 2481 1183 2512 Martis
1225 2480 1334 2514 sedem
1373 2482 1439 2516 effe

779 2522 952 2564 Rhodopen
988 2520 1135 2556 ostendit
1169 2525 1271 2558 etiam
1307 2537 1335 2568 3,
1366 2537 1436 2569 335.

779 2569 921 2607 Amyclae
949 2567 1004 2599 hic
1036 2568 1278 2612 intelliguntur
1299 2575 1438 2606 Laconi-

779 2623 844 2651 cae,
879 2612 1037 2655 Apollini
1065 2612 1194 2646 sacrum
1232 2627 1350 2649 nemus
1380 2616 1441 2650 ha-

781 2655 909 2694 bentes,
934 2656 1025 2689 unde
1045 2657 1080 2689 ὃς
1099 2661 1280 2699 Apollineas
1289 2664 1438 2704 Amyclas

780 2710 879 2734 vocat
900 2701 1026 2734 Statius
1047 2701 1155 2736 Theb.
1175 2715 1208 2747 4,
1228 2714 1295 2748 223.
